exchange,timestamp,side,price,quantity
Backpack,2025-12-02T14:53:02.234422+00:00,buy,88974.8,0.00100
Backpack,2025-12-02T15:03:13.878512+00:00,sell,0,0.00100
Backpack,2025-12-02T15:04:04.920403+00:00,sell,90034.5,0.00100
Backpack,2025-12-02T15:33:15.050592+00:00,buy,90204.1,0.00100
Backpack,2025-12-02T15:34:01.981911+00:00,buy,89906.1,0.00100
Backpack,2025-12-02T15:36:46.862331+00:00,sell,90152.5,0.00100
Backpack,2025-12-02T15:41:14.368452+00:00,sell,90382.8,0.00100
Backpack,2025-12-02T15:43:29.609630+00:00,sell,90715.2,0.00100
Backpack,2025-12-02T15:44:25.643311+00:00,buy,90610.7,0.00100
Backpack,2025-12-02T15:45:52.496296+00:00,sell,90678.0,0.00100
Backpack,2025-12-02T15:51:43.474101+00:00,sell,91145.5,0.00100
Backpack,2025-12-02T15:54:44.395437+00:00,buy,90939.2,0.00100
Backpack,2025-12-02T15:58:03.041266+00:00,buy,90806.3,0.00100
Backpack,2025-12-02T15:59:15.946167+00:00,sell,90899.1,0.00100
Backpack,2025-12-02T16:01:12.730890+00:00,sell,91034.9,0.00100
Backpack,2025-12-02T16:03:07.426024+00:00,buy,91077.1,0.00100
Backpack,2025-12-02T16:03:46.300939+00:00,buy,90987.0,0.00100
Backpack,2025-12-02T16:04:28.233786+00:00,sell,91068.7,0.00100
Backpack,2025-12-02T16:05:04.981518+00:00,sell,91065.7,0.00100
Backpack,2025-12-02T16:05:31.650204+00:00,sell,91144.9,0.00100
Backpack,2025-12-02T16:06:12.964252+00:00,buy,90985.8,0.00100
Backpack,2025-12-02T16:06:53.386540+00:00,buy,90921.5,0.00100
Backpack,2025-12-02T16:07:37.297752+00:00,sell,90908.8,0.00100
Backpack,2025-12-02T16:08:32.697932+00:00,buy,91012.5,0.00100
Backpack,2025-12-02T16:08:41.478720+00:00,sell,91038.1,0.00100
Backpack,2025-12-02T16:08:53.531486+00:00,sell,91084.4,0.00100
Backpack,2025-12-02T16:09:43.753231+00:00,buy,91009.8,0.00100
Backpack,2025-12-02T16:10:21.168926+00:00,sell,91065.4,0.00100
Backpack,2025-12-02T16:11:02.582727+00:00,sell,90964.5,0.00100
Backpack,2025-12-02T16:12:55.264519+00:00,sell,90951.6,0.00100
Backpack,2025-12-02T16:14:01.189084+00:00,buy,90785.0,0.00100
Backpack,2025-12-02T16:14:49.695551+00:00,sell,90810.2,0.00100
Backpack,2025-12-02T16:16:04.330829+00:00,sell,90644.2,0.00100
Backpack,2025-12-02T16:16:14.377412+00:00,buy,90620.2,0.00100
Backpack,2025-12-02T16:16:52.039919+00:00,buy,0,0.00100
Backpack,2025-12-02T16:18:19.660768+00:00,buy,0,0.00100
Backpack,2025-12-02T16:20:31.729821+00:00,sell,90689.2,0.00200
Backpack,2025-12-02T16:22:19.933954+00:00,buy,90371.6,0.00200
Backpack,2025-12-02T16:23:12.258206+00:00,sell,90319.9,0.00200
Backpack,2025-12-02T16:45:54.226344+00:00,sell,90588.6,0.00200
Backpack,2025-12-02T16:46:39.702450+00:00,buy,0,0.00200
Backpack,2025-12-02T16:46:49.748139+00:00,sell,90667.0,0.00200
Backpack,2025-12-02T16:47:11.920890+00:00,buy,90629.4,0.00200
Backpack,2025-12-02T16:47:51.775646+00:00,sell,90666.2,0.00200
Backpack,2025-12-02T16:48:27.983660+00:00,buy,0,0.00200
Backpack,2025-12-02T16:48:35.096187+00:00,buy,90571.1,0.00200
Lighter,2025-12-02T16:48:46.413237+00:00,SHORT,90383.2712,0.00200
Backpack,2025-12-02T16:49:28.864815+00:00,buy,90517.0,0.00200
Lighter,2025-12-02T16:49:40.242755+00:00,SHORT,90352.7324,0.00200
Backpack,2025-12-02T16:50:50.556271+00:00,sell,90559.4,0.00200
Lighter,2025-12-02T16:51:01.849036+00:00,LONG,90735.3084,0.00200
Backpack,2025-12-02T16:51:09.665142+00:00,sell,90629.7,0.00200
Lighter,2025-12-02T16:51:21.036837+00:00,LONG,90826.4904,0.00200
Backpack,2025-12-02T16:51:41.244141+00:00,sell,90763.3,0.00200
Lighter,2025-12-02T16:51:52.828794+00:00,LONG,90929.6964,0.00200
Backpack,2025-12-02T16:52:13.083162+00:00,buy,90780.0,0.00200
Lighter,2025-12-02T16:52:24.421107+00:00,SHORT,90598.5398,0.00200
Backpack,2025-12-02T16:57:20.766872+00:00,buy,90981.2,0.00200
Lighter,2025-12-02T16:57:32.149405+00:00,SHORT,90874.1874,0.00200
Backpack,2025-12-02T16:58:26.455173+00:00,sell,90861.3,0.00200
Lighter,2025-12-02T16:58:37.916383+00:00,LONG,91027.4916,0.00200
Backpack,2025-12-02T16:58:48.017344+00:00,buy,90817.1,0.00200
Lighter,2025-12-02T16:58:59.291328+00:00,SHORT,90631.2742,0.00200
Backpack,2025-12-02T16:59:07.879753+00:00,sell,90796.0,0.00200
Lighter,2025-12-02T16:59:20.780257+00:00,LONG,90986.5098,0.00200
Backpack,2025-12-02T16:59:39.981582+00:00,buy,90733.0,0.00200
Lighter,2025-12-02T16:59:52.325868+00:00,SHORT,90525.2866,0.00200
Backpack,2025-12-02T17:00:18.351950+00:00,sell,90752.0,0.00200
Lighter,2025-12-02T17:00:29.993809+00:00,LONG,90941.7204,0.00200
Backpack,2025-12-02T17:00:45.381777+00:00,sell,90817.5,0.00200
Lighter,2025-12-02T17:00:56.720034+00:00,LONG,90981.9006,0.00200
Backpack,2025-12-02T17:01:06.114162+00:00,buy,90859.6,0.00200
Lighter,2025-12-02T17:01:19.006922+00:00,SHORT,90668.2002,0.00200
Backpack,2025-12-02T17:01:26.957757+00:00,sell,90843.9,0.00200
Lighter,2025-12-02T17:01:38.431077+00:00,LONG,91025.3874,0.00200
Backpack,2025-12-02T17:01:52.939383+00:00,sell,90882.7,0.00200
Lighter,2025-12-02T17:02:04.332153+00:00,LONG,91056.2490,0.00200
Backpack,2025-12-02T17:02:10.767285+00:00,sell,90931.5,0.00200
Lighter,2025-12-02T17:02:22.170051+00:00,LONG,91085.0064,0.00200
Backpack,2025-12-02T17:02:31.005038+00:00,sell,90952.5,0.00200
Lighter,2025-12-02T17:02:42.244856+00:00,LONG,91117.3710,0.00200
Backpack,2025-12-02T17:03:16.081782+00:00,buy,90914.1,0.00200
Lighter,2025-12-02T17:03:28.053667+00:00,SHORT,90716.2040,0.00200
Backpack,2025-12-02T17:04:02.343003+00:00,buy,90895.2,0.00200
Lighter,2025-12-02T17:04:13.654094+00:00,SHORT,90709.8168,0.00200
Backpack,2025-12-02T17:05:09.835064+00:00,sell,91115.1,0.00200
Lighter,2025-12-02T17:05:21.448144+00:00,LONG,91124.1846,0.00200
Backpack,2025-12-02T17:05:29.335817+00:00,buy,91031.8,0.00200
Lighter,2025-12-02T17:05:40.616417+00:00,SHORT,90829.0778,0.00200
Backpack,2025-12-02T17:06:19.655567+00:00,buy,90978.4,0.00200
Lighter,2025-12-02T17:06:31.022951+00:00,SHORT,90777.8804,0.00200
Backpack,2025-12-02T17:07:19.911027+00:00,buy,90861.8,0.00200
Lighter,2025-12-02T17:07:32.776609+00:00,SHORT,90676.3838,0.00200
Backpack,2025-12-02T17:08:49.962281+00:00,sell,90873.4,0.00200
Lighter,2025-12-02T17:09:02.307788+00:00,LONG,91061.2590,0.00200
Backpack,2025-12-02T17:09:22.177365+00:00,sell,90901.4,0.00200
Lighter,2025-12-02T17:09:33.542400+00:00,LONG,91083.2028,0.00200
Backpack,2025-12-02T17:09:56.524134+00:00,buy,90821.0,0.00200
Lighter,2025-12-02T17:10:07.838013+00:00,SHORT,90655.6254,0.00200
Backpack,2025-12-02T17:10:13.725465+00:00,sell,90839.8,0.00200
Lighter,2025-12-02T17:10:25.092407+00:00,LONG,91011.1590,0.00200
Backpack,2025-12-02T17:11:40.611950+00:00,buy,90989.5,0.00200
Lighter,2025-12-02T17:11:52.043614+00:00,SHORT,90686.8628,0.00200
Backpack,2025-12-02T17:12:20.936328+00:00,sell,91013.5,0.00200
Lighter,2025-12-02T17:12:33.685313+00:00,LONG,91158.2526,0.00200
Backpack,2025-12-02T17:13:31.382984+00:00,buy,91026.0,0.00200
Lighter,2025-12-02T17:13:42.717578+00:00,SHORT,90827.7804,0.00200
Backpack,2025-12-02T17:13:59.303847+00:00,buy,90977.3,0.00200
Lighter,2025-12-02T17:14:10.756595+00:00,SHORT,90786.0640,0.00200
Backpack,2025-12-02T17:15:17.309123+00:00,sell,90958.8,0.00200
Lighter,2025-12-02T17:15:28.717740+00:00,LONG,91133.7036,0.00200
Backpack,2025-12-02T17:15:51.654392+00:00,buy,90921.0,0.00200
Lighter,2025-12-02T17:16:02.914162+00:00,SHORT,90743.5492,0.00200
Backpack,2025-12-02T17:16:10.844214+00:00,sell,90971.3,0.00200
Lighter,2025-12-02T17:16:22.329132+00:00,LONG,91147.9320,0.00200
Backpack,2025-12-02T17:16:59.439300+00:00,sell,91030.5,0.00200
Lighter,2025-12-02T17:17:10.874917+00:00,LONG,91215.2664,0.00200
Backpack,2025-12-02T17:17:32.405257+00:00,sell,91154.2,0.00200
Lighter,2025-12-02T17:17:43.858585+00:00,LONG,91335.4062,0.00200
Backpack,2025-12-02T17:17:51.459339+00:00,sell,91179.8,0.00200
Lighter,2025-12-02T17:18:04.329859+00:00,LONG,91357.1496,0.00200
Backpack,2025-12-02T17:18:12.273155+00:00,sell,91220.7,0.00200
Lighter,2025-12-02T17:18:24.985587+00:00,LONG,91396.3278,0.00200
Backpack,2025-12-02T17:18:35.699944+00:00,sell,91212.2,0.00200
Lighter,2025-12-02T17:18:47.138009+00:00,LONG,91404.6444,0.00200
Backpack,2025-12-02T17:18:59.928798+00:00,sell,91362.0,0.00200
Lighter,2025-12-02T17:19:11.396257+00:00,LONG,91511.9586,0.00200
Backpack,2025-12-02T17:19:59.618625+00:00,buy,91343.4,0.00200
Lighter,2025-12-02T17:20:11.082067+00:00,SHORT,91186.0624,0.00200
Backpack,2025-12-02T17:20:28.092332+00:00,sell,91421.6,0.00200
Lighter,2025-12-02T17:20:39.544312+00:00,LONG,91568.1708,0.00200
Backpack,2025-12-02T17:20:49.082774+00:00,sell,91430.4,0.00200
Lighter,2025-12-02T17:21:00.334428+00:00,LONG,91606.8480,0.00200
Backpack,2025-12-02T17:21:07.686282+00:00,sell,91444.8,0.00200
Lighter,2025-12-02T17:21:19.055040+00:00,LONG,91624.9842,0.00200
Backpack,2025-12-02T17:21:35.909725+00:00,sell,91493.8,0.00200
Lighter,2025-12-02T17:21:48.267423+00:00,LONG,91679.6934,0.00200
Backpack,2025-12-02T17:22:05.312990+00:00,buy,91486.9,0.00200
Lighter,2025-12-02T17:22:17.323501+00:00,SHORT,91325.5828,0.00200
Backpack,2025-12-02T17:22:46.923226+00:00,sell,91489.1,0.00200
Lighter,2025-12-02T17:22:58.206265+00:00,LONG,91667.3688,0.00200
Backpack,2025-12-02T17:30:20.775322+00:00,buy,91683.1,0.00200
Lighter,2025-12-02T17:30:32.260843+00:00,SHORT,91570.7914,0.00200
Backpack,2025-12-02T17:30:43.882000+00:00,buy,91692.7,0.00200
Lighter,2025-12-02T17:30:55.162175+00:00,SHORT,91512.3086,0.00200
Backpack,2025-12-02T17:31:08.594301+00:00,sell,91732.6,0.00200
Lighter,2025-12-02T17:31:20.007750+00:00,LONG,91930.1934,0.00200
Backpack,2025-12-02T17:31:32.569468+00:00,buy,91724.0,0.00200
Lighter,2025-12-02T17:31:43.940515+00:00,SHORT,91540.4522,0.00200
Backpack,2025-12-02T17:32:03.133863+00:00,sell,91799.3,0.00200
Lighter,2025-12-02T17:32:14.362855+00:00,LONG,91980.5940,0.00200
Backpack,2025-12-02T17:32:46.843088+00:00,buy,91736.2,0.00200
Lighter,2025-12-02T17:32:59.258547+00:00,SHORT,91587.9570,0.00200
Backpack,2025-12-02T17:33:04.519798+00:00,sell,91693.0,0.00200
Lighter,2025-12-02T17:33:15.714302+00:00,LONG,91853.8410,0.00200
Backpack,2025-12-02T17:33:28.207604+00:00,sell,91772.1,0.00200
Lighter,2025-12-02T17:33:39.704660+00:00,LONG,91962.3576,0.00200
Backpack,2025-12-02T17:36:11.326430+00:00,buy,91802.8,0.00200
Lighter,2025-12-02T17:36:22.758514+00:00,SHORT,91704.7230,0.00200
Backpack,2025-12-02T17:37:19.734256+00:00,buy,91771.3,0.00200
Lighter,2025-12-02T17:37:31.170724+00:00,SHORT,91582.3682,0.00200
Backpack,2025-12-02T17:37:49.880239+00:00,buy,91675.6,0.00200
Lighter,2025-12-02T17:38:01.192870+00:00,SHORT,91517.1988,0.00200
Backpack,2025-12-02T17:38:15.674928+00:00,sell,91705.1,0.00200
Lighter,2025-12-02T17:38:26.746756+00:00,LONG,91865.5644,0.00200
Backpack,2025-12-02T17:38:38.770831+00:00,buy,91702.0,0.00200
Lighter,2025-12-02T17:38:50.248210+00:00,SHORT,91525.6818,0.00200
Backpack,2025-12-02T17:39:15.123248+00:00,buy,91643.3,0.00200
Lighter,2025-12-02T17:39:26.482895+00:00,SHORT,91480.1730,0.00200
Backpack,2025-12-02T17:40:19.666744+00:00,buy,91586.5,0.00200
Lighter,2025-12-02T17:40:30.989346+00:00,SHORT,91472.3886,0.00200
Backpack,2025-12-02T17:41:03.187336+00:00,sell,91607.7,0.00200
Lighter,2025-12-02T17:41:14.349905+00:00,LONG,91775.3844,0.00200
Backpack,2025-12-02T17:41:27.198014+00:00,sell,91635.2,0.00200
Lighter,2025-12-02T17:41:38.543765+00:00,LONG,91788.1098,0.00200
Backpack,2025-12-02T17:42:23.326669+00:00,sell,91646.6,0.00200
Lighter,2025-12-02T17:42:34.429981+00:00,LONG,91831.2960,0.00200
Backpack,2025-12-02T17:42:47.888959+00:00,sell,91728.6,0.00200
Lighter,2025-12-02T17:42:59.032356+00:00,LONG,91871.3760,0.00200
Backpack,2025-12-02T17:43:08.170143+00:00,sell,91764.3,0.00200
Lighter,2025-12-02T17:43:19.781137+00:00,LONG,91943.4198,0.00200
Backpack,2025-12-02T17:43:44.331797+00:00,buy,91675.8,0.00200
Lighter,2025-12-02T17:43:55.499621+00:00,SHORT,91517.3984,0.00200
Backpack,2025-12-02T17:43:59.311161+00:00,sell,91648.0,0.00200
Lighter,2025-12-02T17:44:10.252439+00:00,LONG,91830.0936,0.00200
Backpack,2025-12-02T17:45:28.043955+00:00,buy,91582.5,0.00200
Lighter,2025-12-02T17:45:39.375542+00:00,SHORT,91386.3610,0.00200
Backpack,2025-12-02T17:45:51.528925+00:00,buy,91530.3,0.00200
Lighter,2025-12-02T17:46:02.817072+00:00,SHORT,91396.1414,0.00200
Backpack,2025-12-02T17:46:06.407970+00:00,buy,91511.6,0.00200
Lighter,2025-12-02T17:46:17.129805+00:00,SHORT,91340.3532,0.00200
Backpack,2025-12-02T17:46:28.189436+00:00,buy,91476.3,0.00200
Lighter,2025-12-02T17:46:39.354728+00:00,SHORT,91277.2796,0.00200
Backpack,2025-12-02T17:46:46.727804+00:00,sell,91502.8,0.00200
Lighter,2025-12-02T17:46:58.013152+00:00,LONG,91699.5330,0.00200
Backpack,2025-12-02T17:47:05.604016+00:00,sell,91525.9,0.00200
Lighter,2025-12-02T17:47:16.829824+00:00,LONG,91687.9098,0.00200
Backpack,2025-12-02T17:47:39.668363+00:00,sell,91551.9,0.00200
Lighter,2025-12-02T17:47:50.793463+00:00,LONG,91700.4348,0.00200
Backpack,2025-12-02T17:49:14.038853+00:00,buy,91508.6,0.00200
Lighter,2025-12-02T17:49:26.539664+00:00,SHORT,91315.3034,0.00200
Backpack,2025-12-02T17:50:07.709678+00:00,sell,91529.5,0.00200
Lighter,2025-12-02T17:50:20.174626+00:00,LONG,91690.2144,0.00200
Backpack,2025-12-02T17:50:55.860887+00:00,buy,91528.2,0.00200
Lighter,2025-12-02T17:51:07.036909+00:00,SHORT,91378.7762,0.00200
Backpack,2025-12-02T17:51:57.569480+00:00,buy,91463.3,0.00200
Lighter,2025-12-02T17:52:08.947967+00:00,SHORT,91323.1876,0.00200
Backpack,2025-12-02T17:52:17.033257+00:00,sell,91440.0,0.00200
Lighter,2025-12-02T17:52:30.010937+00:00,LONG,91627.5894,0.00200
Backpack,2025-12-02T17:52:47.008755+00:00,sell,91462.6,0.00200
Lighter,2025-12-02T17:52:58.472121+00:00,LONG,91638.3108,0.00200
Backpack,2025-12-02T17:53:30.722396+00:00,sell,91455.5,0.00200
Lighter,2025-12-02T17:53:42.029178+00:00,LONG,91646.8278,0.00200
Backpack,2025-12-02T17:56:41.466999+00:00,buy,91459.1,0.00200
Lighter,2025-12-02T17:56:52.584628+00:00,SHORT,91261.7108,0.00200
Backpack,2025-12-02T17:57:25.433467+00:00,sell,91422.8,0.00200
Lighter,2025-12-02T17:57:36.523610+00:00,LONG,91577.1888,0.00200
Backpack,2025-12-02T17:57:51.238766+00:00,buy,91387.2,0.00200
Lighter,2025-12-02T17:58:02.402866+00:00,SHORT,91235.8626,0.00200
Backpack,2025-12-02T17:58:13.603790+00:00,sell,91389.0,0.00200
Lighter,2025-12-02T17:58:25.127817+00:00,LONG,91568.8722,0.00200
Backpack,2025-12-02T18:04:39.951814+00:00,buy,91608.1,0.00200
Lighter,2025-12-02T18:04:51.261398+00:00,SHORT,91436.6602,0.00200
Backpack,2025-12-02T18:06:07.737188+00:00,sell,91558.1,0.00200
Lighter,2025-12-02T18:06:19.006961+00:00,LONG,91675.5852,0.00200
Backpack,2025-12-02T18:12:00.609594+00:00,buy,91740.5,0.00200
Lighter,2025-12-02T18:12:11.789227+00:00,SHORT,91541.6498,0.00200
Backpack,2025-12-02T18:12:25.279263+00:00,sell,91712.1,0.00200
Lighter,2025-12-02T18:12:36.390714+00:00,LONG,91879.7928,0.00200
Backpack,2025-12-02T18:12:46.280691+00:00,buy,91638.1,0.00200
Lighter,2025-12-02T18:12:57.664376+00:00,SHORT,91474.9834,0.00200
Backpack,2025-12-02T18:13:22.519961+00:00,sell,91632.3,0.00200
Lighter,2025-12-02T18:13:33.804479+00:00,LONG,91798.5306,0.00200
Backpack,2025-12-02T18:13:51.659176+00:00,buy,91653.3,0.00200
Lighter,2025-12-02T18:14:02.809237+00:00,SHORT,91464.2050,0.00200
Backpack,2025-12-02T18:14:09.421047+00:00,sell,91641.1,0.00200
Lighter,2025-12-02T18:14:20.738687+00:00,LONG,91820.7750,0.00200
Backpack,2025-12-02T18:22:30.505896+00:00,buy,92036.4,0.00200
Lighter,2025-12-02T18:22:41.837079+00:00,SHORT,91826.4790,0.00200
Backpack,2025-12-02T18:23:19.969921+00:00,buy,92047.1,0.00200
Lighter,2025-12-02T18:23:32.440434+00:00,SHORT,91902.7262,0.00200
Backpack,2025-12-02T18:23:41.914692+00:00,sell,92002.3,0.00200
Lighter,2025-12-02T18:23:53.079159+00:00,LONG,92189.8116,0.00200
Backpack,2025-12-02T18:24:11.784436+00:00,sell,92030.1,0.00200
Lighter,2025-12-02T18:24:23.142509+00:00,LONG,92194.2204,0.00200
Backpack,2025-12-02T18:24:50.963260+00:00,buy,91973.9,0.00200
Lighter,2025-12-02T18:25:02.230622+00:00,SHORT,91814.3034,0.00200
Backpack,2025-12-02T18:25:06.197338+00:00,buy,91887.8,0.00200
Lighter,2025-12-02T18:25:16.915817+00:00,SHORT,91728.1760,0.00200
Backpack,2025-12-02T18:25:40.096072+00:00,sell,91934.4,0.00200
Lighter,2025-12-02T18:25:51.296040+00:00,LONG,92121.1746,0.00200
Backpack,2025-12-02T18:25:59.074451+00:00,buy,91906.5,0.00200
Lighter,2025-12-02T18:26:10.365760+00:00,SHORT,91710.2120,0.00200
Backpack,2025-12-02T18:26:16.044524+00:00,buy,91825.4,0.00200
Lighter,2025-12-02T18:26:27.283900+00:00,SHORT,91681.7690,0.00200
Backpack,2025-12-02T18:26:35.120947+00:00,sell,91852.0,0.00200
Lighter,2025-12-02T18:26:46.485318+00:00,LONG,92024.8824,0.00200
Backpack,2025-12-02T18:27:23.308511+00:00,buy,91855.3,0.00200
Lighter,2025-12-02T18:27:34.730934+00:00,SHORT,91660.0126,0.00200
Backpack,2025-12-02T18:28:34.672964+00:00,sell,91849.9,0.00200
Lighter,2025-12-02T18:28:45.890066+00:00,LONG,92008.7502,0.00200
Backpack,2025-12-02T18:29:11.528860+00:00,sell,91911.6,0.00200
Lighter,2025-12-02T18:29:22.844294+00:00,LONG,92061.4554,0.00200
Backpack,2025-12-02T18:30:10.485032+00:00,buy,91845.3,0.00200
Lighter,2025-12-02T18:30:21.902328+00:00,SHORT,91668.8948,0.00200
Backpack,2025-12-02T18:30:26.186419+00:00,sell,91883.8,0.00200
Lighter,2025-12-02T18:30:36.898831+00:00,LONG,92039.8122,0.00200
Backpack,2025-12-02T18:30:50.524193+00:00,buy,91857.8,0.00200
Lighter,2025-12-02T18:31:01.710044+00:00,SHORT,91672.8868,0.00200
Backpack,2025-12-02T18:31:14.033323+00:00,sell,91981.7,0.00200
Lighter,2025-12-02T18:31:25.233773+00:00,LONG,92110.4532,0.00200
Backpack,2025-12-02T18:31:51.284121+00:00,sell,92058.8,0.00063
Lighter,2025-12-02T18:32:02.428067+00:00,LONG,92248.1280,0.00063
Backpack,2025-12-02T18:33:03.296664+00:00,buy,92057.2,0.00200
Lighter,2025-12-02T18:33:14.739897+00:00,SHORT,91875.4808,0.00200
Backpack,2025-12-02T18:33:37.109503+00:00,buy,92036.2,0.00200
Lighter,2025-12-02T18:33:48.348532+00:00,SHORT,91843.9440,0.00200
Backpack,2025-12-02T18:34:10.864033+00:00,buy,91978.8,0.00200
Lighter,2025-12-02T18:34:22.992357+00:00,SHORT,91774.3834,0.00200
Backpack,2025-12-02T18:34:52.795220+00:00,sell,91945.6,0.00200
Lighter,2025-12-02T18:35:04.298943+00:00,LONG,92128.7898,0.00200
Backpack,2025-12-02T18:35:16.990512+00:00,sell,92012.2,0.00200
Lighter,2025-12-02T18:35:28.252352+00:00,LONG,92190.4128,0.00200
Backpack,2025-12-02T18:35:41.089897+00:00,sell,92072.7,0.00200
Lighter,2025-12-02T18:35:52.387845+00:00,LONG,92253.7392,0.00200
Backpack,2025-12-02T18:36:06.650139+00:00,sell,92106.7,0.00200
Lighter,2025-12-02T18:36:17.885013+00:00,LONG,92284.3002,0.00200
Backpack,2025-12-02T18:36:33.715964+00:00,buy,92147.7,0.00200
Lighter,2025-12-02T18:36:44.931220+00:00,SHORT,91971.3886,0.00200
Backpack,2025-12-02T18:37:08.652766+00:00,buy,92103.8,0.00200
Lighter,2025-12-02T18:37:20.017949+00:00,SHORT,91939.6522,0.00200
Backpack,2025-12-02T18:37:29.245200+00:00,buy,92023.7,0.00200
Lighter,2025-12-02T18:37:40.400356+00:00,SHORT,91841.2494,0.00200
Backpack,2025-12-02T18:38:46.288353+00:00,buy,91994.5,0.00200
Lighter,2025-12-02T18:38:57.663765+00:00,SHORT,91837.9560,0.00200
Backpack,2025-12-02T18:39:11.465021+00:00,buy,91934.9,0.00200
Lighter,2025-12-02T18:39:22.530439+00:00,SHORT,91733.5652,0.00200
Backpack,2025-12-02T18:39:27.233497+00:00,sell,91950.4,0.00200
Lighter,2025-12-02T18:39:38.504071+00:00,LONG,92129.0904,0.00200
Backpack,2025-12-02T18:40:51.617891+00:00,buy,91788.7,0.00200
Lighter,2025-12-02T18:41:03.024499+00:00,SHORT,91641.2502,0.00200
Backpack,2025-12-02T18:41:05.875465+00:00,sell,91823.5,0.00200
Lighter,2025-12-02T18:41:16.661118+00:00,LONG,92002.7382,0.00200
Backpack,2025-12-02T18:41:52.889082+00:00,sell,91855.6,0.00200
Lighter,2025-12-02T18:42:04.117658+00:00,LONG,92007.0468,0.00200
Backpack,2025-12-02T18:42:28.053570+00:00,sell,91897.4,0.00200
Lighter,2025-12-02T18:42:39.136755+00:00,LONG,92081.7960,0.00200
Backpack,2025-12-02T18:42:52.133236+00:00,sell,91940.8,0.00200
Lighter,2025-12-02T18:43:03.228961+00:00,LONG,92116.7658,0.00200
Backpack,2025-12-02T18:43:30.617576+00:00,sell,91963.7,0.00200
Lighter,2025-12-02T18:43:41.780611+00:00,LONG,92100.9342,0.00200
Backpack,2025-12-02T18:45:05.856802+00:00,buy,91878.8,0.00200
Lighter,2025-12-02T18:45:16.985076+00:00,SHORT,91733.3656,0.00200
Backpack,2025-12-02T18:45:47.107961+00:00,buy,91874.5,0.00200
Lighter,2025-12-02T18:45:58.286092+00:00,SHORT,91713.3058,0.00200
Backpack,2025-12-02T18:46:09.359702+00:00,sell,91897.8,0.00200
Lighter,2025-12-02T18:46:20.714718+00:00,LONG,92051.0346,0.00200
Backpack,2025-12-02T18:46:28.042751+00:00,sell,91937.7,0.00200
Lighter,2025-12-02T18:46:39.309574+00:00,LONG,92113.0584,0.00200
Backpack,2025-12-02T18:50:20.568643+00:00,buy,91922.9,0.00200
Lighter,2025-12-02T18:50:31.911321+00:00,SHORT,91759.1140,0.00200
Backpack,2025-12-02T18:51:00.313126+00:00,sell,91855.5,0.00200
Lighter,2025-12-02T18:51:11.685072+00:00,LONG,92002.0368,0.00200
Backpack,2025-12-02T18:51:48.661466+00:00,buy,91837.3,0.00200
Lighter,2025-12-02T18:51:59.938637+00:00,SHORT,91677.9766,0.00200
Backpack,2025-12-02T18:52:02.019370+00:00,sell,91842.5,0.00200
Lighter,2025-12-02T18:52:12.796813+00:00,LONG,91984.3014,0.00200
Backpack,2025-12-02T18:56:13.819288+00:00,buy,91856.2,0.00200
Lighter,2025-12-02T18:56:25.173662+00:00,SHORT,91655.3220,0.00200
Backpack,2025-12-02T18:57:38.389254+00:00,buy,91769.3,0.00200
Lighter,2025-12-02T18:57:49.618273+00:00,SHORT,91607.9170,0.00200
Backpack,2025-12-02T18:58:05.933965+00:00,sell,91755.2,0.00200
Lighter,2025-12-02T18:58:17.623819+00:00,LONG,91911.4560,0.00200
Backpack,2025-12-02T18:58:27.278487+00:00,sell,91789.7,0.00200
Lighter,2025-12-02T18:58:38.630256+00:00,LONG,91963.2594,0.00200
Backpack,2025-12-02T19:01:08.270230+00:00,buy,91921.8,0.00200
Lighter,2025-12-02T19:01:19.484266+00:00,SHORT,91726.0802,0.00200
Backpack,2025-12-02T19:01:54.771480+00:00,sell,91973.0,0.00200
Lighter,2025-12-02T19:02:05.888623+00:00,LONG,92157.5472,0.00200
Backpack,2025-12-02T19:02:11.530683+00:00,buy,92004.4,0.00200
Lighter,2025-12-02T19:02:22.705991+00:00,SHORT,91817.1976,0.00200
Backpack,2025-12-02T19:02:30.628738+00:00,sell,92066.7,0.00200
Lighter,2025-12-02T19:02:42.034514+00:00,LONG,92245.6230,0.00200
Backpack,2025-12-02T19:05:56.599105+00:00,buy,92112.7,0.00200
Lighter,2025-12-02T19:06:07.887372+00:00,SHORT,91974.1830,0.00200
Backpack,2025-12-02T19:06:30.552827+00:00,buy,92044.6,0.00200
Lighter,2025-12-02T19:06:41.853374+00:00,SHORT,91881.0696,0.00200
Backpack,2025-12-02T19:07:25.616061+00:00,buy,92041.1,0.00200
Lighter,2025-12-02T19:07:36.972810+00:00,SHORT,91871.5886,0.00200
Backpack,2025-12-02T19:08:33.944944+00:00,sell,92015.2,0.00200
Lighter,2025-12-02T19:08:45.141638+00:00,LONG,92196.2244,0.00200
Backpack,2025-12-02T19:09:10.184560+00:00,sell,92003.2,0.00200
Lighter,2025-12-02T19:09:21.567332+00:00,LONG,92185.2024,0.00200
Backpack,2025-12-02T19:09:35.697159+00:00,sell,92030.0,0.00200
Lighter,2025-12-02T19:09:46.975416+00:00,LONG,92227.7874,0.00200
Backpack,2025-12-02T19:11:29.149264+00:00,buy,92111.5,0.00200
Lighter,2025-12-02T19:11:40.236667+00:00,SHORT,91910.4108,0.00200
Backpack,2025-12-02T19:12:27.472240+00:00,sell,92108.9,0.00200
Lighter,2025-12-02T19:12:38.736900+00:00,LONG,92285.8032,0.00200
Backpack,2025-12-02T19:13:03.963203+00:00,buy,92055.8,0.00200
Lighter,2025-12-02T19:13:15.313505+00:00,SHORT,91908.1154,0.00200
Backpack,2025-12-02T19:14:15.272084+00:00,buy,91967.8,0.00200
Lighter,2025-12-02T19:14:26.432772+00:00,SHORT,91791.9482,0.00200
Backpack,2025-12-02T19:14:37.720775+00:00,sell,91993.3,0.00200
Lighter,2025-12-02T19:14:48.919810+00:00,LONG,92181.8958,0.00200
Backpack,2025-12-02T19:15:18.817952+00:00,sell,92004.8,0.00200
Lighter,2025-12-02T19:15:30.098217+00:00,LONG,92172.8778,0.00200
Backpack,2025-12-02T19:15:45.784326+00:00,buy,91996.0,0.00200
Lighter,2025-12-02T19:15:57.466953+00:00,SHORT,91793.2456,0.00200
Backpack,2025-12-02T19:17:15.494294+00:00,sell,91948.0,0.00200
Lighter,2025-12-02T19:17:26.735987+00:00,LONG,92130.3930,0.00200
Backpack,2025-12-02T19:20:59.628458+00:00,buy,91911.2,0.00200
Lighter,2025-12-02T19:21:10.822320+00:00,SHORT,91776.6788,0.00200
Backpack,2025-12-02T19:21:34.393929+00:00,buy,91887.2,0.00200
Lighter,2025-12-02T19:21:45.663111+00:00,SHORT,91687.6572,0.00200
Backpack,2025-12-02T19:22:56.428759+00:00,sell,91926.0,0.00200
Lighter,2025-12-02T19:23:07.787319+00:00,LONG,92112.7578,0.00200
Backpack,2025-12-02T19:23:32.412994+00:00,buy,91910.2,0.00200
Lighter,2025-12-02T19:23:43.762385+00:00,SHORT,91755.2218,0.00200
Backpack,2025-12-02T19:25:09.913658+00:00,sell,91939.4,0.00200
Lighter,2025-12-02T19:25:21.123496+00:00,LONG,92121.1746,0.00200
Backpack,2025-12-02T19:26:55.804256+00:00,sell,91972.5,0.00200
Lighter,2025-12-02T19:27:07.554250+00:00,LONG,92160.6534,0.00200
Backpack,2025-12-02T19:28:09.384123+00:00,buy,91989.0,0.00200
Lighter,2025-12-02T19:28:20.675014+00:00,SHORT,91792.8464,0.00200
Backpack,2025-12-02T19:28:56.334084+00:00,buy,91980.7,0.00200
Lighter,2025-12-02T19:29:07.708927+00:00,SHORT,91791.6488,0.00200
Backpack,2025-12-02T19:30:36.194975+00:00,sell,91989.0,0.00200
Lighter,2025-12-02T19:30:47.548493+00:00,LONG,92170.2726,0.00200
Backpack,2025-12-02T19:30:58.398704+00:00,sell,92032.4,0.00200
Lighter,2025-12-02T19:31:09.661564+00:00,LONG,92224.6812,0.00200
Backpack,2025-12-02T19:31:40.097422+00:00,buy,92045.7,0.00200
Lighter,2025-12-02T19:31:51.652390+00:00,SHORT,91840.3512,0.00200
Backpack,2025-12-02T19:32:12.553118+00:00,buy,91973.1,0.00200
Lighter,2025-12-02T19:32:23.804628+00:00,SHORT,91812.8064,0.00200
Backpack,2025-12-02T19:32:29.786564+00:00,buy,91965.3,0.00200
Lighter,2025-12-02T19:32:42.944167+00:00,SHORT,91796.9382,0.00200
Backpack,2025-12-02T19:33:04.951833+00:00,sell,92019.8,0.00200
Lighter,2025-12-02T19:33:16.263726+00:00,LONG,92146.3248,0.00200
Backpack,2025-12-02T19:34:42.429957+00:00,sell,92075.5,0.00200
Lighter,2025-12-02T19:34:54.838552+00:00,LONG,92266.7652,0.00200
Backpack,2025-12-02T19:35:22.576446+00:00,buy,92091.6,0.00200
Lighter,2025-12-02T19:35:34.028613+00:00,SHORT,91894.5426,0.00200
Backpack,2025-12-02T19:36:06.271576+00:00,sell,92101.9,0.00200
Lighter,2025-12-02T19:36:17.672040+00:00,LONG,92257.9476,0.00200
Backpack,2025-12-02T19:36:47.999022+00:00,sell,92128.5,0.00200
Lighter,2025-12-02T19:36:59.331697+00:00,LONG,92310.9534,0.00200
Backpack,2025-12-02T19:37:20.561941+00:00,buy,92116.7,0.00200
Lighter,2025-12-02T19:37:31.709234+00:00,SHORT,91941.1492,0.00200
Backpack,2025-12-02T19:39:13.851061+00:00,sell,92171.3,0.00200
Lighter,2025-12-02T19:39:25.085424+00:00,LONG,92320.5726,0.00200
Backpack,2025-12-02T19:43:38.154337+00:00,buy,92160.6,0.00200
Lighter,2025-12-02T19:43:49.373218+00:00,SHORT,91997.5362,0.00200
Backpack,2025-12-02T19:44:12.397406+00:00,sell,92129.0,0.00200
Lighter,2025-12-02T19:44:23.551824+00:00,LONG,92294.0196,0.00200
Backpack,2025-12-02T19:46:58.191817+00:00,buy,92020.9,0.00200
Lighter,2025-12-02T19:47:09.547905+00:00,SHORT,91892.6464,0.00200
Backpack,2025-12-02T19:47:17.397892+00:00,buy,92044.5,0.00200
Lighter,2025-12-02T19:47:28.778638+00:00,SHORT,91848.9340,0.00200
Backpack,2025-12-02T19:48:40.151860+00:00,sell,92047.6,0.00200
Lighter,2025-12-02T19:48:51.535420+00:00,LONG,92244.6210,0.00200
Backpack,2025-12-02T19:49:25.379240+00:00,buy,92031.7,0.00200
Lighter,2025-12-02T19:49:36.705149+00:00,SHORT,91876.3790,0.00200
Backpack,2025-12-02T19:50:26.216854+00:00,sell,92028.0,0.00200
Lighter,2025-12-02T19:50:37.479343+00:00,LONG,92197.0260,0.00200
Backpack,2025-12-02T19:51:21.476882+00:00,buy,91995.4,0.00200
Lighter,2025-12-02T19:51:32.665339+00:00,SHORT,91845.2414,0.00200
Backpack,2025-12-02T19:51:59.848831+00:00,sell,92023.2,0.00200
Lighter,2025-12-02T19:52:11.229376+00:00,LONG,92200.5330,0.00200
Backpack,2025-12-02T19:53:26.949142+00:00,buy,91932.9,0.00200
Lighter,2025-12-02T19:53:38.168801+00:00,SHORT,91764.1040,0.00200
Backpack,2025-12-02T19:54:07.241521+00:00,buy,91888.4,0.00200
Lighter,2025-12-02T19:54:18.571840+00:00,SHORT,91696.7390,0.00200
Backpack,2025-12-02T19:54:54.485897+00:00,sell,91897.7,0.00200
Lighter,2025-12-02T19:55:05.685256+00:00,LONG,92045.5236,0.00200
Backpack,2025-12-02T19:55:31.671042+00:00,sell,91913.6,0.00200
Lighter,2025-12-02T19:55:42.805085+00:00,LONG,92094.3210,0.00200
Backpack,2025-12-02T19:56:51.757348+00:00,buy,91892.9,0.00200
Lighter,2025-12-02T19:57:02.937710+00:00,SHORT,91699.1342,0.00200
Backpack,2025-12-02T19:58:04.324161+00:00,sell,91825.0,0.00200
Lighter,2025-12-02T19:58:15.651506+00:00,LONG,92059.5516,0.00200
Backpack,2025-12-02T19:59:08.983006+00:00,buy,91888.6,0.00200
Lighter,2025-12-02T19:59:20.218433+00:00,SHORT,91732.2678,0.00200
Backpack,2025-12-02T20:00:05.784237+00:00,sell,91880.6,0.00200
Lighter,2025-12-02T20:00:17.021694+00:00,LONG,92056.5456,0.00200
Backpack,2025-12-02T20:00:31.862455+00:00,buy,91828.6,0.00200
Lighter,2025-12-02T20:00:43.040239+00:00,SHORT,91642.5476,0.00200
Backpack,2025-12-02T20:00:50.420297+00:00,sell,91824.7,0.00200
Lighter,2025-12-02T20:01:01.495020+00:00,LONG,92004.1410,0.00200
Backpack,2025-12-02T20:01:21.889608+00:00,sell,91824.5,0.00200
Lighter,2025-12-02T20:01:34.064683+00:00,LONG,91974.7824,0.00200
Backpack,2025-12-02T20:01:40.864255+00:00,buy,91788.8,0.00200
Lighter,2025-12-02T20:01:52.134508+00:00,SHORT,91594.8432,0.00200
Backpack,2025-12-02T20:02:02.674406+00:00,buy,91709.4,0.00200
Lighter,2025-12-02T20:02:13.894816+00:00,SHORT,91550.8314,0.00200
Backpack,2025-12-02T20:02:23.857827+00:00,buy,91602.6,0.00200
Lighter,2025-12-02T20:02:35.179341+00:00,SHORT,91455.7220,0.00200
Backpack,2025-12-02T20:04:14.118403+00:00,buy,91651.7,0.00200
Lighter,2025-12-02T20:04:25.221640+00:00,SHORT,91500.0332,0.00200
Backpack,2025-12-02T20:05:12.656899+00:00,sell,91718.1,0.00200
Lighter,2025-12-02T20:05:23.872063+00:00,LONG,91832.2980,0.00200
Backpack,2025-12-02T20:05:42.122324+00:00,buy,91725.2,0.00200
Lighter,2025-12-02T20:05:53.346184+00:00,SHORT,91545.6418,0.00200
Backpack,2025-12-02T20:06:15.947279+00:00,sell,91716.0,0.00200
Lighter,2025-12-02T20:06:27.080903+00:00,LONG,91911.0552,0.00200
Backpack,2025-12-02T20:06:34.380899+00:00,sell,91792.2,0.00200
Lighter,2025-12-02T20:06:45.722762+00:00,LONG,91934.0010,0.00200
Backpack,2025-12-02T20:08:23.700129+00:00,sell,91781.4,0.00200
Lighter,2025-12-02T20:08:35.117305+00:00,LONG,91968.8706,0.00200
Backpack,2025-12-02T20:09:20.759451+00:00,buy,91774.2,0.00200
Lighter,2025-12-02T20:09:32.115110+00:00,SHORT,91612.5078,0.00200
Backpack,2025-12-02T20:09:46.731405+00:00,sell,91810.5,0.00200
Lighter,2025-12-02T20:09:57.941978+00:00,LONG,91968.1692,0.00200
Backpack,2025-12-02T20:11:09.727742+00:00,buy,91726.1,0.00200
Lighter,2025-12-02T20:11:20.937389+00:00,SHORT,91555.4222,0.00200
Backpack,2025-12-02T20:11:55.294060+00:00,buy,91683.7,0.00200
Lighter,2025-12-02T20:12:06.648127+00:00,SHORT,91550.2326,0.00200
Backpack,2025-12-02T20:12:13.020806+00:00,sell,91640.2,0.00200
Lighter,2025-12-02T20:12:24.353611+00:00,LONG,91828.0896,0.00200
Backpack,2025-12-02T20:14:33.502163+00:00,buy,91512.6,0.00200
Lighter,2025-12-02T20:14:44.765007+00:00,SHORT,91321.7904,0.00200
Backpack,2025-12-02T20:15:23.080200+00:00,buy,91500.0,0.00200
Lighter,2025-12-02T20:15:34.466971+00:00,SHORT,91345.9420,0.00200
Backpack,2025-12-02T20:15:55.860230+00:00,buy,91466.9,0.00200
Lighter,2025-12-02T20:16:07.010412+00:00,SHORT,91299.0360,0.00200
Backpack,2025-12-02T20:16:30.989999+00:00,buy,91457.4,0.00200
Lighter,2025-12-02T20:16:42.252912+00:00,SHORT,91305.0240,0.00200
Backpack,2025-12-02T20:17:06.036603+00:00,buy,91360.3,0.00200
Lighter,2025-12-02T20:17:17.420333+00:00,SHORT,91193.0484,0.00200
Backpack,2025-12-02T20:18:11.659623+00:00,buy,91309.2,0.00107
Lighter,2025-12-02T20:18:22.851912+00:00,SHORT,91123.5876,0.00107
Backpack,2025-12-02T20:18:40.818625+00:00,sell,91301.1,0.00200
Lighter,2025-12-02T20:18:52.420346+00:00,LONG,91491.2172,0.00200
Backpack,2025-12-02T20:19:13.997867+00:00,buy,91204.1,0.00200
Lighter,2025-12-02T20:19:25.220543+00:00,SHORT,91037.3604,0.00200
Backpack,2025-12-02T20:20:11.171461+00:00,sell,91260.8,0.00200
Lighter,2025-12-02T20:20:22.556433+00:00,LONG,91444.1232,0.00200
Backpack,2025-12-02T20:21:12.831394+00:00,sell,91320.9,0.00200
Lighter,2025-12-02T20:21:24.212876+00:00,LONG,91471.7784,0.00200
Backpack,2025-12-02T20:21:35.611194+00:00,sell,91341.3,0.00200
Lighter,2025-12-02T20:21:46.982102+00:00,LONG,91528.7922,0.00200
Backpack,2025-12-02T20:22:08.384646+00:00,buy,91251.2,0.00200
Lighter,2025-12-02T20:22:19.853101+00:00,SHORT,91069.2964,0.00200
Backpack,2025-12-02T20:22:41.868187+00:00,sell,91243.9,0.00200
Lighter,2025-12-02T20:22:53.479823+00:00,LONG,91432.0992,0.00200
Backpack,2025-12-02T20:23:08.710377+00:00,sell,91312.2,0.00200
Lighter,2025-12-02T20:23:19.949014+00:00,LONG,91489.2132,0.00200
Backpack,2025-12-02T20:23:38.908583+00:00,buy,91278.3,0.00200
Lighter,2025-12-02T20:23:50.214332+00:00,SHORT,91080.2744,0.00200
Backpack,2025-12-02T20:24:18.460784+00:00,buy,91210.0,0.00200
Lighter,2025-12-02T20:24:30.667456+00:00,SHORT,91019.3964,0.00200
Backpack,2025-12-02T20:24:47.764148+00:00,sell,91205.9,0.00200
Lighter,2025-12-02T20:24:59.005122+00:00,LONG,91380.5964,0.00200
Backpack,2025-12-02T20:25:21.112887+00:00,sell,91296.2,0.00200
Lighter,2025-12-02T20:25:32.352547+00:00,LONG,91451.6382,0.00200
Backpack,2025-12-02T20:26:06.020765+00:00,sell,91343.1,0.00200
Lighter,2025-12-02T20:26:17.327071+00:00,LONG,91486.3074,0.00200
Backpack,2025-12-02T20:27:37.575502+00:00,sell,91361.7,0.00200
Lighter,2025-12-02T20:27:48.985449+00:00,LONG,91548.9324,0.00200
Backpack,2025-12-02T20:28:17.172003+00:00,buy,91234.7,0.00200
Lighter,2025-12-02T20:28:28.415084+00:00,SHORT,91035.7636,0.00200
Backpack,2025-12-02T20:28:42.303968+00:00,buy,91085.6,0.00200
Lighter,2025-12-02T20:28:53.708074+00:00,SHORT,90886.0636,0.00200
Backpack,2025-12-02T20:29:54.425070+00:00,sell,90945.7,0.00200
Lighter,2025-12-02T20:30:05.717901+00:00,LONG,91128.5934,0.00200
Backpack,2025-12-02T20:30:20.091049+00:00,sell,90978.6,0.00200
Lighter,2025-12-02T20:30:31.462853+00:00,LONG,91160.7576,0.00200
Backpack,2025-12-02T20:30:37.063006+00:00,sell,90991.4,0.00200
Lighter,2025-12-02T20:30:48.353494+00:00,LONG,91181.7996,0.00200
Backpack,2025-12-02T20:31:02.042939+00:00,sell,91020.5,0.00200
Lighter,2025-12-02T20:31:13.464675+00:00,LONG,91185.6072,0.00200
Backpack,2025-12-02T20:31:42.929870+00:00,buy,91059.5,0.00200
Lighter,2025-12-02T20:31:54.392590+00:00,SHORT,90855.2254,0.00200
Backpack,2025-12-02T20:32:11.460528+00:00,sell,91049.5,0.00200
Lighter,2025-12-02T20:32:22.577091+00:00,LONG,91229.0940,0.00200
Backpack,2025-12-02T20:35:32.372213+00:00,buy,90948.6,0.00200
Lighter,2025-12-02T20:35:43.560438+00:00,SHORT,90849.1376,0.00200
Backpack,2025-12-02T20:36:03.482059+00:00,buy,90910.0,0.00200
Lighter,2025-12-02T20:36:14.839206+00:00,SHORT,90713.0104,0.00200
Backpack,2025-12-02T20:36:31.299432+00:00,buy,90782.3,0.00200
Lighter,2025-12-02T20:36:42.513996+00:00,SHORT,90649.7372,0.00200
Backpack,2025-12-02T20:36:48.886994+00:00,buy,90781.2,0.00200
Lighter,2025-12-02T20:37:00.169226+00:00,SHORT,90631.8730,0.00200
Backpack,2025-12-02T20:37:16.037277+00:00,buy,90704.2,0.00200
Lighter,2025-12-02T20:37:27.405650+00:00,SHORT,90540.8554,0.00200
Backpack,2025-12-02T20:37:32.445984+00:00,sell,90791.1,0.00200
Lighter,2025-12-02T20:37:43.640236+00:00,LONG,90962.0610,0.00200
Backpack,2025-12-02T20:38:14.424583+00:00,sell,90873.8,0.00200
Lighter,2025-12-02T20:38:25.788996+00:00,LONG,91002.7422,0.00200
Backpack,2025-12-02T20:38:32.361637+00:00,sell,90877.3,0.00200
Lighter,2025-12-02T20:38:43.782282+00:00,LONG,91042.2210,0.00200
Backpack,2025-12-02T20:38:50.903894+00:00,buy,90832.3,0.00200
Lighter,2025-12-02T20:39:02.313612+00:00,SHORT,90634.8670,0.00200
Backpack,2025-12-02T20:39:19.701182+00:00,sell,90786.5,0.00200
Lighter,2025-12-02T20:39:30.993717+00:00,LONG,90962.9628,0.00200
Backpack,2025-12-02T20:39:35.051006+00:00,sell,90780.6,0.00200
Lighter,2025-12-02T20:39:45.770511+00:00,LONG,90948.6342,0.00200
Backpack,2025-12-02T20:39:59.308372+00:00,buy,90720.8,0.00200
Lighter,2025-12-02T20:40:10.688627+00:00,SHORT,90524.6878,0.00200
Backpack,2025-12-02T20:40:17.806263+00:00,sell,90768.1,0.00200
Lighter,2025-12-02T20:40:28.990770+00:00,LONG,90938.7144,0.00200
Backpack,2025-12-02T20:40:58.393776+00:00,sell,90776.7,0.00200
Lighter,2025-12-02T20:41:09.497948+00:00,LONG,90921.3798,0.00200
Backpack,2025-12-02T20:46:46.241640+00:00,buy,90893.5,0.00200
Lighter,2025-12-02T20:46:57.510591+00:00,SHORT,90691.1542,0.00200
Backpack,2025-12-02T20:47:04.783989+00:00,sell,90951.7,0.00200
Lighter,2025-12-02T20:47:15.973026+00:00,LONG,91127.3910,0.00200
Backpack,2025-12-02T20:49:19.237504+00:00,buy,90858.7,0.00200
Lighter,2025-12-02T20:49:30.580533+00:00,SHORT,90736.2638,0.00200
Backpack,2025-12-02T20:49:43.096807+00:00,sell,90868.7,0.00200
Lighter,2025-12-02T20:49:54.199524+00:00,LONG,91040.5176,0.00200
Backpack,2025-12-02T20:52:59.308859+00:00,buy,90962.3,0.00200
Lighter,2025-12-02T20:53:10.735552+00:00,SHORT,90757.4214,0.00200
Backpack,2025-12-02T20:53:31.817331+00:00,sell,91028.7,0.00200
Lighter,2025-12-02T20:53:44.115107+00:00,LONG,91216.1682,0.00200
Backpack,2025-12-02T20:54:20.647682+00:00,buy,90982.8,0.00200
Lighter,2025-12-02T20:54:31.895353+00:00,SHORT,90821.7924,0.00200
Backpack,2025-12-02T20:54:48.193194+00:00,buy,90962.9,0.00200
Lighter,2025-12-02T20:54:59.504572+00:00,SHORT,90797.1418,0.00200
Backpack,2025-12-02T20:55:08.390452+00:00,sell,90912.4,0.00200
Lighter,2025-12-02T20:55:19.681741+00:00,LONG,91094.2248,0.00200
Backpack,2025-12-02T20:55:54.407642+00:00,sell,90945.2,0.00200
Lighter,2025-12-02T20:56:06.645482+00:00,LONG,91122.6816,0.00200
Backpack,2025-12-02T20:57:07.732669+00:00,buy,90983.0,0.00200
Lighter,2025-12-02T20:57:18.974392+00:00,SHORT,90795.8444,0.00200
Backpack,2025-12-02T20:58:07.579616+00:00,sell,91016.5,0.00200
Lighter,2025-12-02T20:58:19.050402+00:00,LONG,91196.7294,0.00200
Backpack,2025-12-02T20:59:08.363897+00:00,buy,91027.5,0.00200
Lighter,2025-12-02T20:59:19.723443+00:00,SHORT,90908.8180,0.00200
Backpack,2025-12-02T20:59:28.103320+00:00,sell,91039.5,0.00200
Lighter,2025-12-02T20:59:39.404937+00:00,LONG,91204.1442,0.00200
Backpack,2025-12-02T21:00:03.629710+00:00,buy,91000.0,0.00200
Lighter,2025-12-02T21:00:14.974477+00:00,SHORT,90862.9100,0.00200
Backpack,2025-12-02T21:01:03.314986+00:00,buy,90987.8,0.00200
Lighter,2025-12-02T21:01:14.971972+00:00,SHORT,90791.0540,0.00200
Backpack,2025-12-02T21:01:40.099247+00:00,sell,91042.8,0.00200
Lighter,2025-12-02T21:01:51.295924+00:00,LONG,91223.9838,0.00200
Backpack,2025-12-02T21:02:11.758530+00:00,buy,90979.2,0.00200
Lighter,2025-12-02T21:02:22.920211+00:00,SHORT,90858.6186,0.00200
Backpack,2025-12-02T21:03:10.789344+00:00,sell,91024.8,0.00200
Lighter,2025-12-02T21:03:22.167459+00:00,LONG,91200.4368,0.00200
Backpack,2025-12-02T21:03:31.300006+00:00,buy,91050.5,0.00200
Lighter,2025-12-02T21:03:42.563267+00:00,SHORT,90888.2592,0.00200
Backpack,2025-12-02T21:04:03.472638+00:00,sell,91111.1,0.00200
Lighter,2025-12-02T21:04:14.784059+00:00,LONG,91276.3884,0.00200
Backpack,2025-12-02T21:05:01.327700+00:00,sell,91092.2,0.00200
Lighter,2025-12-02T21:05:12.474917+00:00,LONG,91267.9716,0.00200
Backpack,2025-12-02T21:06:18.956356+00:00,buy,91182.3,0.00200
Lighter,2025-12-02T21:06:30.061312+00:00,SHORT,91030.8734,0.00200
Backpack,2025-12-02T21:07:03.180733+00:00,sell,91165.3,0.00200
Lighter,2025-12-02T21:07:14.338275+00:00,LONG,91353.0414,0.00200
Backpack,2025-12-02T21:10:42.222513+00:00,buy,91180.1,0.00200
Lighter,2025-12-02T21:10:53.594246+00:00,SHORT,91012.6100,0.00200
Backpack,2025-12-02T21:12:00.042049+00:00,buy,91143.8,0.00200
Lighter,2025-12-02T21:12:11.451536+00:00,SHORT,90949.6362,0.00200
Backpack,2025-12-02T21:13:46.472118+00:00,buy,91163.7,0.00200
Lighter,2025-12-02T21:13:57.621471+00:00,SHORT,90968.5982,0.00200
Backpack,2025-12-02T21:14:57.538222+00:00,sell,91195.8,0.00200
Lighter,2025-12-02T21:15:08.958122+00:00,LONG,91357.2498,0.00200
Backpack,2025-12-02T21:16:31.793425+00:00,sell,91184.2,0.00200
Lighter,2025-12-02T21:16:42.929983+00:00,LONG,91369.1736,0.00200
Backpack,2025-12-02T21:17:06.925100+00:00,buy,91156.4,0.00200
Lighter,2025-12-02T21:17:18.263123+00:00,SHORT,90989.0572,0.00200
Backpack,2025-12-02T21:17:34.642421+00:00,sell,91195.7,0.00200
Lighter,2025-12-02T21:17:45.803262+00:00,LONG,91382.1996,0.00200
Backpack,2025-12-02T21:21:05.336769+00:00,sell,91238.1,0.00200
Lighter,2025-12-02T21:21:16.463066+00:00,LONG,91390.8168,0.00200
Backpack,2025-12-02T21:25:08.864610+00:00,buy,91204.8,0.00200
Lighter,2025-12-02T21:25:20.096424+00:00,SHORT,91048.2386,0.00200
Backpack,2025-12-02T21:26:02.132579+00:00,sell,91248.7,0.00200
Lighter,2025-12-02T21:26:13.491584+00:00,LONG,91407.8508,0.00200
Backpack,2025-12-02T21:27:39.985773+00:00,buy,91371.2,0.00200
Lighter,2025-12-02T21:27:51.227324+00:00,SHORT,91206.9206,0.00200
Backpack,2025-12-02T21:28:36.742971+00:00,sell,91419.7,0.00200
Lighter,2025-12-02T21:28:48.027940+00:00,LONG,91570.4754,0.00200
Backpack,2025-12-02T21:29:28.194402+00:00,buy,91411.1,0.00200
Lighter,2025-12-02T21:29:39.675573+00:00,SHORT,91251.9304,0.00200
Backpack,2025-12-02T21:30:37.408113+00:00,sell,91401.6,0.00200
Lighter,2025-12-02T21:30:48.696008+00:00,LONG,91566.5676,0.00200
Backpack,2025-12-02T21:33:23.621678+00:00,buy,91375.2,0.00200
Lighter,2025-12-02T21:33:34.856554+00:00,SHORT,91244.1460,0.00200
Backpack,2025-12-02T21:34:05.788417+00:00,sell,91353.8,0.00200
Lighter,2025-12-02T21:34:16.896666+00:00,LONG,91503.8424,0.00200
Backpack,2025-12-02T21:34:41.067576+00:00,buy,91300.0,0.00200
Lighter,2025-12-02T21:34:52.488133+00:00,SHORT,91143.4478,0.00200
Backpack,2025-12-02T21:35:06.699228+00:00,sell,91290.0,0.00200
Lighter,2025-12-02T21:35:18.134155+00:00,LONG,91480.2954,0.00200
Backpack,2025-12-02T21:40:06.753795+00:00,buy,91363.3,0.00101
Lighter,2025-12-02T21:40:17.836264+00:00,SHORT,91171.0924,0.00101
Backpack,2025-12-02T21:42:56.672650+00:00,buy,91369.0,0.00200
Lighter,2025-12-02T21:43:08.098127+00:00,SHORT,91240.8526,0.00200
Backpack,2025-12-02T21:46:55.342738+00:00,buy,91400.9,0.00200
Lighter,2025-12-02T21:47:07.624045+00:00,SHORT,91260.2138,0.00200
Backpack,2025-12-02T21:47:49.591501+00:00,sell,91460.5,0.00200
Lighter,2025-12-02T21:48:00.821906+00:00,LONG,91620.7758,0.00200
Backpack,2025-12-02T21:48:47.375924+00:00,buy,91434.6,0.00200
Lighter,2025-12-02T21:48:58.502048+00:00,SHORT,91249.2358,0.00200
Backpack,2025-12-02T21:50:07.872048+00:00,sell,91438.7,0.00200
Lighter,2025-12-02T21:50:19.091861+00:00,LONG,91619.4732,0.00200
Backpack,2025-12-02T21:50:58.898138+00:00,sell,91477.7,0.00200
Lighter,2025-12-02T21:51:10.014116+00:00,LONG,91640.0142,0.00200
Backpack,2025-12-02T21:56:01.298085+00:00,buy,91544.5,0.00200
Lighter,2025-12-02T21:56:12.528065+00:00,SHORT,91357.6186,0.00200
Backpack,2025-12-02T21:57:08.093748+00:00,sell,91548.6,0.00020
Lighter,2025-12-02T21:57:19.187333+00:00,LONG,91735.8054,0.00020
Backpack,2025-12-02T21:58:57.480018+00:00,sell,91520.7,0.00200
Lighter,2025-12-02T21:59:08.649711+00:00,LONG,91717.2684,0.00200
Backpack,2025-12-02T22:07:42.367965+00:00,buy,91746.3,0.00200
Lighter,2025-12-02T22:07:53.696741+00:00,SHORT,91554.8234,0.00200
Backpack,2025-12-02T22:08:04.528760+00:00,buy,91624.2,0.00200
Lighter,2025-12-02T22:08:15.864418+00:00,SHORT,91441.9496,0.00200
Backpack,2025-12-02T22:08:21.119828+00:00,sell,91597.5,0.00200
Lighter,2025-12-02T22:08:32.448874+00:00,LONG,91787.8092,0.00200
Backpack,2025-12-02T22:09:16.587371+00:00,buy,91480.5,0.00200
Lighter,2025-12-02T22:09:27.785563+00:00,SHORT,91333.2674,0.00200
Backpack,2025-12-02T22:10:33.134517+00:00,sell,91561.1,0.00200
Lighter,2025-12-02T22:10:45.323231+00:00,LONG,91754.5428,0.00200
Backpack,2025-12-02T22:11:07.427497+00:00,sell,91606.2,0.00200
Lighter,2025-12-02T22:11:18.764211+00:00,LONG,91799.6328,0.00200
Backpack,2025-12-02T22:15:49.655019+00:00,buy,91762.3,0.00200
Lighter,2025-12-02T22:16:00.718017+00:00,SHORT,91575.8812,0.00200
Backpack,2025-12-02T22:16:08.172599+00:00,sell,91799.4,0.00200
Lighter,2025-12-02T22:16:19.477074+00:00,LONG,91987.9086,0.00200
Backpack,2025-12-02T22:17:34.280279+00:00,buy,91805.2,0.00200
Lighter,2025-12-02T22:17:45.596126+00:00,SHORT,91606.9190,0.00200
Backpack,2025-12-02T22:18:43.824690+00:00,buy,91752.7,0.00200
Lighter,2025-12-02T22:18:55.152921+00:00,SHORT,91583.2664,0.00200
Backpack,2025-12-02T22:20:37.727673+00:00,sell,91809.7,0.00200
Lighter,2025-12-02T22:20:48.999784+00:00,LONG,91996.8264,0.00200
Backpack,2025-12-02T22:21:26.481887+00:00,buy,91773.4,0.00200
Lighter,2025-12-02T22:21:37.737065+00:00,SHORT,91584.9630,0.00200
Backpack,2025-12-02T22:22:32.193141+00:00,sell,91709.1,0.00200
Lighter,2025-12-02T22:22:43.565021+00:00,LONG,91875.6846,0.00200
Backpack,2025-12-02T22:23:23.793671+00:00,buy,91707.4,0.00200
Lighter,2025-12-02T22:23:35.361936+00:00,SHORT,91536.3604,0.00200
Backpack,2025-12-02T22:24:15.975501+00:00,sell,91680.0,0.00200
Lighter,2025-12-02T22:24:27.410661+00:00,LONG,91854.6426,0.00200
Backpack,2025-12-02T22:27:20.253041+00:00,buy,91680.0,0.00200
Lighter,2025-12-02T22:27:31.767882+00:00,SHORT,91539.5540,0.00200
Backpack,2025-12-02T22:29:28.107593+00:00,buy,91622.4,0.00200
Lighter,2025-12-02T22:29:39.555143+00:00,SHORT,91436.9596,0.00200
Backpack,2025-12-02T22:31:23.535052+00:00,sell,91604.9,0.00200
Lighter,2025-12-02T22:31:34.853404+00:00,LONG,91736.3064,0.00200
Backpack,2025-12-02T22:32:00.467518+00:00,buy,91540.2,0.00200
Lighter,2025-12-02T22:32:11.869666+00:00,SHORT,91359.1156,0.00200
Backpack,2025-12-02T22:33:13.533810+00:00,sell,91614.2,0.00200
Lighter,2025-12-02T22:33:24.776130+00:00,LONG,91809.2520,0.00200
Backpack,2025-12-02T22:35:15.584318+00:00,sell,91655.8,0.00200
Lighter,2025-12-02T22:35:26.959717+00:00,LONG,91845.5244,0.00200
Backpack,2025-12-02T22:37:20.447388+00:00,buy,91660.0,0.00200
Lighter,2025-12-02T22:37:31.803895+00:00,SHORT,91494.2448,0.00200
Backpack,2025-12-02T22:38:00.973403+00:00,sell,91644.6,0.00200
Lighter,2025-12-02T22:38:13.406506+00:00,LONG,91830.3942,0.00200
Backpack,2025-12-02T22:40:04.916522+00:00,buy,91615.7,0.00200
Lighter,2025-12-02T22:40:16.362053+00:00,SHORT,91457.6182,0.00200
Backpack,2025-12-02T22:40:38.856339+00:00,sell,91707.8,0.00200
Lighter,2025-12-02T22:40:50.320069+00:00,LONG,91868.0694,0.00200
Backpack,2025-12-02T22:41:08.740880+00:00,buy,91754.0,0.00200
Lighter,2025-12-02T22:41:20.025254+00:00,SHORT,91561.1108,0.00200
Backpack,2025-12-02T22:41:51.404510+00:00,buy,91806.0,0.00200
Lighter,2025-12-02T22:42:02.714295+00:00,SHORT,91648.0366,0.00200
Backpack,2025-12-02T22:42:07.500209+00:00,sell,91874.0,0.00200
Lighter,2025-12-02T22:42:18.969511+00:00,LONG,92069.4714,0.00200
Backpack,2025-12-02T22:42:50.141838+00:00,buy,91867.0,0.00200
Lighter,2025-12-02T22:43:01.384845+00:00,SHORT,91723.5852,0.00200
Backpack,2025-12-02T22:43:25.390078+00:00,buy,91845.4,0.00200
Lighter,2025-12-02T22:43:36.820299+00:00,SHORT,91657.0186,0.00200
Backpack,2025-12-02T22:44:25.810938+00:00,buy,91757.9,0.00200
Lighter,2025-12-02T22:44:37.212417+00:00,SHORT,91623.9848,0.00200
Backpack,2025-12-02T22:44:55.962766+00:00,sell,91723.4,0.00200
Lighter,2025-12-02T22:45:07.524708+00:00,LONG,91916.8668,0.00200
Backpack,2025-12-02T22:46:09.939393+00:00,buy,91722.8,0.00200
Lighter,2025-12-02T22:46:21.495467+00:00,SHORT,91575.4820,0.00200
Backpack,2025-12-02T22:46:26.972026+00:00,sell,91763.7,0.00200
Lighter,2025-12-02T22:46:38.274310+00:00,LONG,91959.9528,0.00200
Backpack,2025-12-02T22:47:14.545299+00:00,buy,91723.6,0.00200
Lighter,2025-12-02T22:47:25.859129+00:00,SHORT,91571.1906,0.00200
Backpack,2025-12-02T22:47:52.656500+00:00,sell,91772.4,0.00200
Lighter,2025-12-02T22:48:04.017018+00:00,LONG,91899.2316,0.00200
Backpack,2025-12-02T22:48:19.089378+00:00,buy,91778.8,0.00200
Lighter,2025-12-02T22:48:30.441011+00:00,SHORT,91606.5198,0.00200
Backpack,2025-12-02T22:48:46.186518+00:00,sell,91819.8,0.00200
Lighter,2025-12-02T22:48:57.507714+00:00,LONG,92007.5478,0.00200
Backpack,2025-12-02T22:49:31.762623+00:00,buy,91799.4,0.00200
Lighter,2025-12-02T22:49:43.239562+00:00,SHORT,91604.2244,0.00200
Backpack,2025-12-02T22:52:25.024676+00:00,sell,91866.9,0.00200
Lighter,2025-12-02T22:52:36.259227+00:00,LONG,92017.6680,0.00200
Backpack,2025-12-02T22:52:50.407877+00:00,sell,91950.0,0.00200
Lighter,2025-12-02T22:53:01.833421+00:00,LONG,92124.2808,0.00200
Backpack,2025-12-02T22:53:23.640763+00:00,buy,91930.0,0.00200
Lighter,2025-12-02T22:53:35.011753+00:00,SHORT,91733.6650,0.00200
Backpack,2025-12-02T22:54:00.751439+00:00,buy,91877.0,0.00200
Lighter,2025-12-02T22:54:12.048918+00:00,SHORT,91720.0922,0.00200
Backpack,2025-12-02T22:54:19.544433+00:00,sell,91878.5,0.00200
Lighter,2025-12-02T22:54:31.038389+00:00,LONG,92063.4594,0.00200
Backpack,2025-12-02T22:54:44.681817+00:00,sell,91925.0,0.00200
Lighter,2025-12-02T22:54:56.124836+00:00,LONG,92085.9042,0.00200
Backpack,2025-12-02T22:57:51.414622+00:00,sell,91941.8,0.00200
Lighter,2025-12-02T22:58:02.762592+00:00,LONG,92099.3310,0.00200
Backpack,2025-12-02T22:58:53.268071+00:00,sell,91937.5,0.00200
Lighter,2025-12-02T22:59:04.565427+00:00,LONG,92119.8720,0.00200
Backpack,2025-12-02T22:59:37.876495+00:00,buy,91934.1,0.00200
Lighter,2025-12-02T22:59:49.109315+00:00,SHORT,91746.4394,0.00200
Backpack,2025-12-02T23:00:09.581851+00:00,buy,91907.2,0.00200
Lighter,2025-12-02T23:00:21.065273+00:00,SHORT,91757.3176,0.00200
Backpack,2025-12-02T23:00:45.121347+00:00,sell,91941.8,0.00200
Lighter,2025-12-02T23:00:56.586073+00:00,LONG,92097.4272,0.00200
Backpack,2025-12-02T23:01:44.571349+00:00,buy,91889.8,0.00200
Lighter,2025-12-02T23:01:55.947209+00:00,SHORT,91693.8448,0.00200
Backpack,2025-12-02T23:02:17.635446+00:00,sell,91857.1,0.00200
Lighter,2025-12-02T23:02:29.046794+00:00,LONG,92039.8122,0.00200
Backpack,2025-12-02T23:02:48.595870+00:00,sell,91874.6,0.00200
Lighter,2025-12-02T23:02:59.792063+00:00,LONG,92052.3372,0.00200
Backpack,2025-12-02T23:03:16.878426+00:00,sell,91878.3,0.00200
Lighter,2025-12-02T23:03:28.383827+00:00,LONG,92059.9524,0.00200
Backpack,2025-12-02T23:04:58.839688+00:00,buy,91853.3,0.00200
Lighter,2025-12-02T23:05:10.441619+00:00,SHORT,91654.4238,0.00200
Backpack,2025-12-02T23:05:32.785856+00:00,buy,91802.4,0.00200
Lighter,2025-12-02T23:05:44.096358+00:00,SHORT,91617.8970,0.00200
Backpack,2025-12-02T23:06:07.777207+00:00,sell,91833.9,0.00200
Lighter,2025-12-02T23:06:19.189905+00:00,LONG,92004.6420,0.00200
Backpack,2025-12-02T23:07:01.639703+00:00,sell,91874.4,0.00200
Lighter,2025-12-02T23:07:13.124456+00:00,LONG,92057.6478,0.00200
Backpack,2025-12-02T23:07:34.269114+00:00,buy,91794.1,0.00200
Lighter,2025-12-02T23:07:45.505355+00:00,SHORT,91605.9210,0.00200
Backpack,2025-12-02T23:08:18.414306+00:00,buy,91807.9,0.00200
Lighter,2025-12-02T23:08:29.780559+00:00,SHORT,91626.4798,0.00200
Backpack,2025-12-02T23:09:12.191437+00:00,sell,91874.3,0.00200
Lighter,2025-12-02T23:09:23.516230+00:00,LONG,92002.9386,0.00200
Backpack,2025-12-02T23:11:32.470368+00:00,sell,91897.5,0.00200
Lighter,2025-12-02T23:11:43.744480+00:00,LONG,92071.3752,0.00200
Backpack,2025-12-02T23:18:22.903458+00:00,buy,91843.5,0.00200
Lighter,2025-12-02T23:18:34.241358+00:00,SHORT,91689.0544,0.00200
Backpack,2025-12-02T23:23:43.576246+00:00,buy,91713.5,0.00200
Lighter,2025-12-02T23:23:54.879672+00:00,SHORT,91511.9094,0.00200
Backpack,2025-12-02T23:24:08.010590+00:00,sell,91689.6,0.00200
Lighter,2025-12-02T23:24:19.269020+00:00,LONG,91868.0694,0.00200
Backpack,2025-12-02T23:26:05.228636+00:00,sell,91719.2,0.00200
Lighter,2025-12-02T23:26:16.393931+00:00,LONG,91891.9170,0.00200
Backpack,2025-12-02T23:26:35.760539+00:00,buy,91611.2,0.00200
Lighter,2025-12-02T23:26:46.964621+00:00,SHORT,91450.8318,0.00200
Backpack,2025-12-02T23:27:05.029022+00:00,sell,91636.0,0.00200
Lighter,2025-12-02T23:27:16.301230+00:00,LONG,91805.8452,0.00200
Backpack,2025-12-02T23:32:35.019222+00:00,buy,91563.1,0.00200
Lighter,2025-12-02T23:32:46.465088+00:00,SHORT,91382.4688,0.00200
Backpack,2025-12-02T23:33:02.365349+00:00,sell,91578.0,0.00200
Lighter,2025-12-02T23:33:13.760999+00:00,LONG,91747.8294,0.00200
Backpack,2025-12-02T23:33:36.149854+00:00,buy,91551.5,0.00200
Lighter,2025-12-02T23:33:47.333342+00:00,SHORT,91376.2812,0.00200
Backpack,2025-12-02T23:34:22.264111+00:00,buy,91471.7,0.00200
Lighter,2025-12-02T23:34:33.585853+00:00,SHORT,91264.5052,0.00200
Backpack,2025-12-02T23:35:09.969080+00:00,sell,91462.3,0.00200
Lighter,2025-12-02T23:35:21.180393+00:00,LONG,91633.2006,0.00200
Backpack,2025-12-02T23:35:37.269224+00:00,sell,91489.4,0.00200
Lighter,2025-12-02T23:35:48.569720+00:00,LONG,91646.0262,0.00200
Backpack,2025-12-02T23:37:45.278645+00:00,buy,91474.2,0.00200
Lighter,2025-12-02T23:37:56.443756+00:00,SHORT,91280.2736,0.00200
Backpack,2025-12-02T23:38:05.523638+00:00,sell,91474.3,0.00200
Lighter,2025-12-02T23:38:16.726618+00:00,LONG,91656.6474,0.00200
Backpack,2025-12-02T23:38:48.129290+00:00,buy,91373.0,0.00200
Lighter,2025-12-02T23:38:59.387016+00:00,SHORT,91248.8366,0.00200
Backpack,2025-12-02T23:39:06.011610+00:00,sell,91397.4,0.00200
Lighter,2025-12-02T23:39:17.096429+00:00,LONG,91571.7780,0.00200
Backpack,2025-12-02T23:58:10.925114+00:00,buy,91271.7,0.00200
Lighter,2025-12-02T23:58:22.159875+00:00,SHORT,91115.9030,0.00200
Backpack,2025-12-03T00:00:12.890887+00:00,sell,91266.4,0.00200
Lighter,2025-12-03T00:00:24.139413+00:00,LONG,91427.7906,0.00200
Backpack,2025-12-03T00:05:01.798722+00:00,buy,91200.7,0.00200
Lighter,2025-12-03T00:05:13.062414+00:00,SHORT,91043.6478,0.00200
Backpack,2025-12-03T00:05:18.718708+00:00,sell,91224.3,0.00200
Lighter,2025-12-03T00:05:29.998908+00:00,LONG,91404.2436,0.00200
Backpack,2025-12-03T00:11:18.928202+00:00,buy,91431.8,0.00200
Lighter,2025-12-03T00:11:30.582341+00:00,SHORT,91231.5712,0.00200
Backpack,2025-12-03T00:13:16.652816+00:00,sell,91385.3,0.00200
Lighter,2025-12-03T00:13:29.016770+00:00,LONG,91562.4594,0.00200
Backpack,2025-12-03T00:14:07.228761+00:00,buy,91298.1,0.00200
Lighter,2025-12-03T00:14:18.647408+00:00,SHORT,91128.5776,0.00200
Backpack,2025-12-03T00:15:20.575747+00:00,sell,91294.1,0.00200
Lighter,2025-12-03T00:15:31.732616+00:00,LONG,91482.4998,0.00200
Backpack,2025-12-03T00:17:43.069800+00:00,buy,91358.5,0.00200
Lighter,2025-12-03T00:17:54.302220+00:00,SHORT,91157.2202,0.00200
Backpack,2025-12-03T00:18:31.486148+00:00,sell,91329.1,0.00200
Lighter,2025-12-03T00:18:42.810338+00:00,LONG,91519.7742,0.00200
Backpack,2025-12-03T00:18:55.533342+00:00,buy,91333.6,0.00200
Lighter,2025-12-03T00:19:06.586741+00:00,SHORT,91194.0464,0.00200
Backpack,2025-12-03T00:19:13.800497+00:00,sell,91388.5,0.00200
Lighter,2025-12-03T00:19:25.145829+00:00,LONG,91586.9082,0.00200
Backpack,2025-12-03T00:20:13.266028+00:00,buy,91377.9,0.00200
Lighter,2025-12-03T00:20:24.555879+00:00,SHORT,91209.1162,0.00200
Backpack,2025-12-03T00:20:33.055896+00:00,buy,91362.7,0.00200
Lighter,2025-12-03T00:20:44.125342+00:00,SHORT,91176.2820,0.00200
Backpack,2025-12-03T00:20:54.457424+00:00,sell,91348.9,0.00200
Lighter,2025-12-03T00:21:05.764072+00:00,LONG,91498.8324,0.00200
Backpack,2025-12-03T00:21:57.836304+00:00,sell,91354.7,0.00200
Lighter,2025-12-03T00:22:09.125910+00:00,LONG,91486.1070,0.00200
Backpack,2025-12-03T00:23:31.104159+00:00,buy,91357.6,0.00200
Lighter,2025-12-03T00:23:42.422507+00:00,SHORT,91174.2860,0.00200
Backpack,2025-12-03T00:24:09.626583+00:00,sell,91341.3,0.00200
Lighter,2025-12-03T00:24:21.980761+00:00,LONG,91521.1770,0.00200
Backpack,2025-12-03T00:24:44.054962+00:00,buy,91309.2,0.00200
Lighter,2025-12-03T00:24:55.401794+00:00,SHORT,91130.7732,0.00200
Backpack,2025-12-03T00:25:49.107837+00:00,buy,91275.2,0.00200
Lighter,2025-12-03T00:26:00.378093+00:00,SHORT,91116.3022,0.00200
Backpack,2025-12-03T00:26:15.748158+00:00,buy,91178.0,0.00200
Lighter,2025-12-03T00:26:27.119394+00:00,SHORT,90988.1590,0.00200
Backpack,2025-12-03T00:27:04.355076+00:00,sell,91148.3,0.00200
Lighter,2025-12-03T00:27:15.609114+00:00,LONG,91274.0838,0.00200
Backpack,2025-12-03T00:27:57.785252+00:00,sell,91168.8,0.00200
Lighter,2025-12-03T00:28:09.188118+00:00,LONG,91313.3622,0.00200
Backpack,2025-12-03T00:28:20.043501+00:00,sell,91169.1,0.00200
Lighter,2025-12-03T00:28:31.254737+00:00,LONG,91331.7990,0.00200
Backpack,2025-12-03T00:30:14.162427+00:00,buy,91119.8,0.00200
Lighter,2025-12-03T00:30:25.370217+00:00,SHORT,90972.6900,0.00200
Backpack,2025-12-03T00:30:48.072933+00:00,buy,91068.8,0.00200
Lighter,2025-12-03T00:30:59.288212+00:00,SHORT,90906.8220,0.00200
Backpack,2025-12-03T00:31:27.818799+00:00,sell,91119.2,0.00200
Lighter,2025-12-03T00:31:39.143513+00:00,LONG,91295.4264,0.00200
Backpack,2025-12-03T00:31:52.830125+00:00,buy,91031.9,0.00200
Lighter,2025-12-03T00:32:04.230783+00:00,SHORT,90899.2372,0.00200
Backpack,2025-12-03T00:33:08.368295+00:00,buy,91021.2,0.00200
Lighter,2025-12-03T00:33:19.563277+00:00,SHORT,90827.7804,0.00200
Backpack,2025-12-03T00:33:48.877533+00:00,buy,90979.2,0.00200
Lighter,2025-12-03T00:34:00.128939+00:00,SHORT,90807.0220,0.00200
Backpack,2025-12-03T00:34:31.465790+00:00,sell,91076.0,0.00200
Lighter,2025-12-03T00:34:43.082795+00:00,LONG,91231.3986,0.00200
Backpack,2025-12-03T00:34:57.744418+00:00,buy,91035.3,0.00200
Lighter,2025-12-03T00:35:08.968777+00:00,SHORT,90908.5186,0.00200
Backpack,2025-12-03T00:35:55.069623+00:00,buy,90981.4,0.00200
Lighter,2025-12-03T00:36:06.294652+00:00,SHORT,90806.1238,0.00200
Backpack,2025-12-03T00:37:39.030317+00:00,sell,91034.9,0.00200
Lighter,2025-12-03T00:37:50.364855+00:00,LONG,91184.1042,0.00200
Backpack,2025-12-03T00:37:58.247504+00:00,sell,91083.7,0.00200
Lighter,2025-12-03T00:38:09.383191+00:00,LONG,91266.6690,0.00200
Backpack,2025-12-03T00:38:20.465015+00:00,sell,91113.7,0.00200
Lighter,2025-12-03T00:38:31.698374+00:00,LONG,91293.7230,0.00200
Backpack,2025-12-03T00:38:39.421099+00:00,sell,91154.7,0.00200
Lighter,2025-12-03T00:38:50.688714+00:00,LONG,91332.3000,0.00200
Backpack,2025-12-03T00:39:46.495284+00:00,sell,91124.5,0.00200
Lighter,2025-12-03T00:39:57.853507+00:00,LONG,91295.5266,0.00200
Backpack,2025-12-03T00:45:12.680423+00:00,buy,91418.1,0.00200
Lighter,2025-12-03T00:45:23.896147+00:00,SHORT,91232.2698,0.00200
Backpack,2025-12-03T00:45:32.277640+00:00,buy,91419.5,0.00200
Lighter,2025-12-03T00:45:43.670483+00:00,SHORT,91259.4154,0.00200
Backpack,2025-12-03T00:46:04.119016+00:00,sell,91404.3,0.00200
Lighter,2025-12-03T00:46:15.488089+00:00,LONG,91596.4272,0.00200
Backpack,2025-12-03T00:46:33.185824+00:00,buy,91492.5,0.00200
Lighter,2025-12-03T00:46:45.361221+00:00,SHORT,91316.5010,0.00200
Backpack,2025-12-03T00:47:02.819793+00:00,sell,91497.3,0.00200
Lighter,2025-12-03T00:47:13.951546+00:00,LONG,91672.0782,0.00200
Backpack,2025-12-03T00:47:19.963840+00:00,sell,91500.9,0.00200
Lighter,2025-12-03T00:47:31.095616+00:00,LONG,91682.0982,0.00200
Backpack,2025-12-03T00:53:31.008405+00:00,buy,91605.5,0.00200
Lighter,2025-12-03T00:53:42.370890+00:00,SHORT,91404.6244,0.00200
Backpack,2025-12-03T00:54:14.695051+00:00,buy,91578.0,0.00200
Lighter,2025-12-03T00:54:25.841025+00:00,SHORT,91370.8920,0.00200
Backpack,2025-12-03T00:54:55.613089+00:00,buy,91537.2,0.00200
Lighter,2025-12-03T00:55:06.812810+00:00,SHORT,91339.2554,0.00200
Backpack,2025-12-03T00:57:24.874817+00:00,sell,91418.7,0.00200
Lighter,2025-12-03T00:57:36.186385+00:00,LONG,91556.8482,0.00200
Backpack,2025-12-03T00:57:43.740141+00:00,sell,91468.5,0.00200
Lighter,2025-12-03T00:57:55.169585+00:00,LONG,91644.0222,0.00200
Backpack,2025-12-03T00:58:14.909908+00:00,sell,91500.0,0.00200
Lighter,2025-12-03T00:58:26.143387+00:00,LONG,91678.1904,0.00200
Backpack,2025-12-03T01:01:05.075510+00:00,buy,91601.6,0.00200
Lighter,2025-12-03T01:01:16.284533+00:00,SHORT,91444.9436,0.00200
Backpack,2025-12-03T01:01:19.843697+00:00,sell,91557.6,0.00200
Lighter,2025-12-03T01:01:30.628104+00:00,LONG,91731.8976,0.00200
Backpack,2025-12-03T01:03:04.406490+00:00,buy,91538.2,0.00200
Lighter,2025-12-03T01:03:15.853246+00:00,SHORT,91379.0756,0.00200
Backpack,2025-12-03T01:04:49.231475+00:00,buy,91439.9,0.00200
Lighter,2025-12-03T01:05:00.447304+00:00,SHORT,91246.5412,0.00200
Backpack,2025-12-03T01:05:05.210953+00:00,sell,91463.9,0.00200
Lighter,2025-12-03T01:05:16.452562+00:00,LONG,91646.4270,0.00200
Backpack,2025-12-03T01:06:36.894631+00:00,sell,91498.4,0.00200
Lighter,2025-12-03T01:06:53.175678+00:00,LONG,91672.0782,0.00200
Backpack,2025-12-03T01:07:07.486933+00:00,buy,91528.9,0.00200
Lighter,2025-12-03T01:07:18.813859+00:00,SHORT,91354.3252,0.00200
Backpack,2025-12-03T01:08:12.016704+00:00,sell,91543.6,0.00200
Lighter,2025-12-03T01:08:23.370522+00:00,LONG,91709.5530,0.00200
Backpack,2025-12-03T01:09:31.605630+00:00,buy,91573.0,0.00200
Lighter,2025-12-03T01:09:43.733553+00:00,SHORT,91362.4090,0.00200
Backpack,2025-12-03T01:10:06.775242+00:00,sell,91569.4,0.00200
Lighter,2025-12-03T01:10:17.898571+00:00,LONG,91719.2724,0.00200
Backpack,2025-12-03T01:21:56.874455+00:00,buy,91831.1,0.00200
Lighter,2025-12-03T01:22:08.201268+00:00,SHORT,91671.0904,0.00200
Backpack,2025-12-03T01:22:21.529401+00:00,sell,91806.1,0.00200
Lighter,2025-12-03T01:22:32.809138+00:00,LONG,91998.1290,0.00200
Backpack,2025-12-03T01:27:56.273917+00:00,buy,91777.0,0.00200
Lighter,2025-12-03T01:28:07.416546+00:00,SHORT,91672.1882,0.00200
Backpack,2025-12-03T01:28:10.417914+00:00,sell,91761.7,0.00200
Lighter,2025-12-03T01:28:21.355797+00:00,LONG,91943.7204,0.00200
Backpack,2025-12-03T01:29:46.216435+00:00,buy,91851.4,0.00200
Lighter,2025-12-03T01:29:57.345634+00:00,SHORT,91665.2022,0.00200
Backpack,2025-12-03T01:30:18.847324+00:00,sell,91891.4,0.00200
Lighter,2025-12-03T01:30:30.254598+00:00,LONG,92071.0746,0.00200
Backpack,2025-12-03T01:30:53.293673+00:00,buy,91864.8,0.00200
Lighter,2025-12-03T01:31:04.646833+00:00,SHORT,91682.9666,0.00200
Backpack,2025-12-03T01:31:12.437174+00:00,buy,91832.8,0.00200
Lighter,2025-12-03T01:31:23.649067+00:00,SHORT,91630.3720,0.00200
Backpack,2025-12-03T01:31:43.663777+00:00,buy,91825.1,0.00200
Lighter,2025-12-03T01:31:54.960965+00:00,SHORT,91649.4338,0.00200
Backpack,2025-12-03T01:32:00.142310+00:00,sell,91874.7,0.00200
Lighter,2025-12-03T01:32:11.443286+00:00,LONG,92063.2590,0.00200
Backpack,2025-12-03T01:32:21.340340+00:00,buy,91853.9,0.00200
Lighter,2025-12-03T01:32:32.646236+00:00,SHORT,91670.1922,0.00200
Backpack,2025-12-03T01:32:37.741154+00:00,sell,91865.4,0.00200
Lighter,2025-12-03T01:32:48.847962+00:00,LONG,92027.9886,0.00200
Backpack,2025-12-03T01:33:09.639947+00:00,sell,91885.9,0.00200
Lighter,2025-12-03T01:33:21.059770+00:00,LONG,92078.0886,0.00200
Backpack,2025-12-03T01:33:26.662578+00:00,sell,91908.2,0.00200
Lighter,2025-12-03T01:33:37.960648+00:00,LONG,92091.9162,0.00200
Backpack,2025-12-03T01:34:50.439830+00:00,buy,91911.2,0.00200
Lighter,2025-12-03T01:35:01.745561+00:00,SHORT,91772.4872,0.00200
Backpack,2025-12-03T01:35:34.213152+00:00,buy,91904.3,0.00200
Lighter,2025-12-03T01:35:45.491161+00:00,SHORT,91705.8208,0.00200
Backpack,2025-12-03T01:35:55.423041+00:00,sell,91873.2,0.00200
Lighter,2025-12-03T01:36:06.689208+00:00,LONG,92050.5336,0.00200
Backpack,2025-12-03T01:36:59.090159+00:00,buy,91854.5,0.00200
Lighter,2025-12-03T01:37:10.362646+00:00,SHORT,91651.6294,0.00200
Backpack,2025-12-03T01:38:40.940321+00:00,sell,91859.8,0.00200
Lighter,2025-12-03T01:38:52.144801+00:00,LONG,92010.7542,0.00200
Backpack,2025-12-03T01:39:02.532349+00:00,buy,91851.7,0.00200
Lighter,2025-12-03T01:39:13.877176+00:00,SHORT,91653.4258,0.00200
Backpack,2025-12-03T01:39:30.774134+00:00,sell,91834.2,0.00200
Lighter,2025-12-03T01:39:41.930576+00:00,LONG,92019.6720,0.00200
Backpack,2025-12-03T01:41:32.703244+00:00,sell,91888.0,0.00200
Lighter,2025-12-03T01:41:44.038541+00:00,LONG,92039.6118,0.00200
Backpack,2025-12-03T01:49:49.021663+00:00,buy,92193.3,0.00200
Lighter,2025-12-03T01:50:00.320844+00:00,SHORT,91987.4564,0.00200
Backpack,2025-12-03T01:50:17.242046+00:00,sell,92219.0,0.00200
Lighter,2025-12-03T01:50:28.319470+00:00,LONG,92402.3358,0.00200
Backpack,2025-12-03T01:51:24.890865+00:00,buy,92254.4,0.00200
Lighter,2025-12-03T01:51:36.067884+00:00,SHORT,92150.6294,0.00200
Backpack,2025-12-03T01:51:42.585053+00:00,sell,92192.7,0.00200
Lighter,2025-12-03T01:51:54.019486+00:00,LONG,92367.8670,0.00200
Backpack,2025-12-04T06:15:27.881934+00:00,sell,93005.1,0.00200
Lighter,2025-12-04T06:15:39.160575+00:00,LONG,93160.4490,0.00200
Backpack,2025-12-04T06:15:55.242063+00:00,sell,93046.2,0.00200
Lighter,2025-12-04T06:16:06.549489+00:00,LONG,93219.1662,0.00200
Backpack,2025-12-04T06:17:26.633786+00:00,buy,93013.7,0.00200
Lighter,2025-12-04T06:17:37.954526+00:00,SHORT,92817.7924,0.00200
Backpack,2025-12-04T06:17:47.709572+00:00,sell,93003.7,0.00200
Lighter,2025-12-04T06:17:58.894742+00:00,LONG,93174.5772,0.00200
Backpack,2025-12-04T06:18:07.878745+00:00,sell,93045.6,0.00200
Lighter,2025-12-04T06:18:19.026692+00:00,LONG,93215.3586,0.00200
Backpack,2025-12-04T06:19:01.591838+00:00,sell,93046.0,0.00200
Lighter,2025-12-04T06:19:12.903218+00:00,LONG,93195.8196,0.00200
Backpack,2025-12-04T06:20:13.521058+00:00,sell,93048.5,0.00200
Lighter,2025-12-04T06:20:24.792749+00:00,LONG,93215.8596,0.00200
Backpack,2025-12-04T06:21:09.006929+00:00,sell,93035.7,0.00200
Lighter,2025-12-04T06:21:20.363848+00:00,LONG,93206.0400,0.00200
Backpack,2025-12-04T06:21:25.957093+00:00,sell,93041.4,0.00200
Lighter,2025-12-04T06:21:37.226828+00:00,LONG,93203.5350,0.00200
Backpack,2025-12-04T06:21:51.840553+00:00,sell,93090.3,0.00150
Lighter,2025-12-04T06:22:02.937837+00:00,LONG,93253.1340,0.00150
Backpack,2025-12-04T06:22:07.827262+00:00,sell,93018.1,0.00200
Lighter,2025-12-04T06:22:19.031354+00:00,LONG,93181.9920,0.00200
Backpack,2025-12-04T06:23:02.123248+00:00,sell,93011.5,0.00200
Lighter,2025-12-04T06:23:13.299986+00:00,LONG,93186.1002,0.00200
Backpack,2025-12-04T06:25:57.106525+00:00,sell,93106.9,0.00200
Lighter,2025-12-04T06:26:08.253498+00:00,LONG,93233.9958,0.00200
Backpack,2025-12-04T06:58:23.500083+00:00,buy,93125.1,0.00200
Lighter,2025-12-04T06:58:34.695562+00:00,SHORT,92896.6344,0.00200
Backpack,2025-12-04T06:58:54.300158+00:00,sell,93105.8,0.00200
Lighter,2025-12-04T06:59:05.417098+00:00,LONG,93274.8774,0.00200
Backpack,2025-12-04T07:01:18.153522+00:00,buy,93094.2,0.00200
Lighter,2025-12-04T07:01:29.294392+00:00,SHORT,92884.5586,0.00200
Backpack,2025-12-04T07:02:16.568221+00:00,buy,93067.3,0.00200
Lighter,2025-12-04T07:02:27.709272+00:00,SHORT,92860.3072,0.00200
Backpack,2025-12-04T07:02:59.189385+00:00,buy,93071.1,0.00200
Lighter,2025-12-04T07:03:11.412388+00:00,SHORT,92854.1196,0.00200
Backpack,2025-12-04T07:04:53.447792+00:00,sell,93077.9,0.00200
Lighter,2025-12-04T07:05:04.540500+00:00,LONG,93246.6210,0.00200
Backpack,2025-12-04T07:05:30.974284+00:00,sell,93110.3,0.00200
Lighter,2025-12-04T07:05:42.304636+00:00,LONG,93280.8894,0.00200
Backpack,2025-12-04T07:06:00.250995+00:00,buy,93115.9,0.00200
Lighter,2025-12-04T07:06:11.502131+00:00,SHORT,92891.7442,0.00200
Backpack,2025-12-04T07:07:18.861067+00:00,sell,93090.3,0.00200
Lighter,2025-12-04T07:07:30.246789+00:00,LONG,93213.3546,0.00200
Backpack,2025-12-04T07:07:58.549120+00:00,buy,93149.5,0.00200
Lighter,2025-12-04T07:08:10.069406+00:00,SHORT,92931.8638,0.00200
Backpack,2025-12-04T07:09:20.102937+00:00,buy,93060.0,0.00200
Lighter,2025-12-04T07:09:31.378348+00:00,SHORT,92841.5448,0.00200
Backpack,2025-12-04T07:09:58.299023+00:00,buy,93005.0,0.00200
Lighter,2025-12-04T07:10:09.366244+00:00,SHORT,92782.0640,0.00200
Backpack,2025-12-04T07:10:15.154282+00:00,sell,93019.3,0.00200
Lighter,2025-12-04T07:10:26.502146+00:00,LONG,93192.4128,0.00200
Backpack,2025-12-04T07:10:30.093973+00:00,sell,93030.2,0.00200
Lighter,2025-12-04T07:10:41.040002+00:00,LONG,93201.4308,0.00200
Backpack,2025-12-04T07:18:17.867118+00:00,sell,93053.7,0.00200
Lighter,2025-12-04T07:18:28.997609+00:00,LONG,93222.6732,0.00200
Backpack,2025-12-04T07:18:53.170189+00:00,sell,93090.4,0.00200
Lighter,2025-12-04T07:19:05.288771+00:00,LONG,93242.8134,0.00200
Backpack,2025-12-04T07:19:17.642628+00:00,sell,93119.5,0.00200
Lighter,2025-12-04T07:19:28.925009+00:00,LONG,93277.5828,0.00200
Backpack,2025-12-04T07:19:33.513717+00:00,buy,93117.6,0.00200
Lighter,2025-12-04T07:19:44.662710+00:00,SHORT,92898.5306,0.00200
Backpack,2025-12-04T07:22:18.322182+00:00,buy,93107.1,0.00200
Lighter,2025-12-04T07:22:29.616935+00:00,SHORT,92896.8340,0.00200
Backpack,2025-12-04T07:24:09.253515+00:00,sell,93028.2,0.00200
Lighter,2025-12-04T07:24:20.655228+00:00,LONG,93176.8818,0.00200
Backpack,2025-12-04T07:25:57.768370+00:00,sell,93077.3,0.00200
Lighter,2025-12-04T07:26:09.069226+00:00,LONG,93246.0198,0.00200
Backpack,2025-12-04T07:26:20.269095+00:00,sell,93114.3,0.00200
Lighter,2025-12-04T07:26:31.475973+00:00,LONG,93284.4966,0.00200
Backpack,2025-12-04T07:27:17.805480+00:00,buy,93118.4,0.00200
Lighter,2025-12-04T07:27:29.388966+00:00,SHORT,92895.8360,0.00200
Backpack,2025-12-04T07:33:10.556559+00:00,buy,93179.6,0.00200
Lighter,2025-12-04T07:33:21.654654+00:00,SHORT,92966.1950,0.00200
Backpack,2025-12-04T07:34:30.096520+00:00,buy,93198.4,0.00200
Lighter,2025-12-04T07:34:41.424504+00:00,SHORT,92988.3506,0.00200
Backpack,2025-12-04T07:34:46.091136+00:00,sell,93193.6,0.00200
Lighter,2025-12-04T07:34:57.460188+00:00,LONG,93359.9472,0.00200
Backpack,2025-12-04T07:35:31.886192+00:00,sell,93221.4,0.00200
Lighter,2025-12-04T07:35:43.191604+00:00,LONG,93387.2016,0.00200
Backpack,2025-12-04T07:38:02.645757+00:00,buy,93188.4,0.00200
Lighter,2025-12-04T07:38:13.745935+00:00,SHORT,92975.4764,0.00200
Backpack,2025-12-04T07:38:24.496891+00:00,sell,93172.8,0.00200
Lighter,2025-12-04T07:38:36.081689+00:00,LONG,93343.4142,0.00200
Backpack,2025-12-04T07:41:35.186553+00:00,sell,93228.0,0.00200
Lighter,2025-12-04T07:41:46.312630+00:00,LONG,93382.8930,0.00200
Backpack,2025-12-04T07:42:20.803290+00:00,sell,93284.1,0.00200
Lighter,2025-12-04T07:42:32.112893+00:00,LONG,93448.7244,0.00200
Backpack,2025-12-04T07:44:19.789972+00:00,buy,93259.6,0.00200
Lighter,2025-12-04T07:44:30.885762+00:00,SHORT,93046.7336,0.00200
Backpack,2025-12-04T07:45:12.030482+00:00,sell,93271.3,0.00200
Lighter,2025-12-04T07:45:23.382043+00:00,LONG,93450.4278,0.00200
Backpack,2025-12-04T07:45:30.518777+00:00,buy,93265.4,0.00200
Lighter,2025-12-04T07:45:41.594160+00:00,SHORT,93054.0190,0.00200
Backpack,2025-12-04T07:45:52.952001+00:00,buy,93270.9,0.00200
Lighter,2025-12-04T07:46:04.279424+00:00,SHORT,93055.4162,0.00200
Backpack,2025-12-04T07:47:34.495367+00:00,buy,93247.3,0.00200
Lighter,2025-12-04T07:47:45.684807+00:00,SHORT,93041.6438,0.00200
Backpack,2025-12-04T07:48:21.953601+00:00,buy,93206.9,0.00200
Lighter,2025-12-04T07:48:33.137720+00:00,SHORT,92991.8436,0.00200
Backpack,2025-12-04T07:51:47.638002+00:00,buy,93294.7,0.00200
Lighter,2025-12-04T07:51:59.182737+00:00,SHORT,93078.0708,0.00200
Backpack,2025-12-04T07:54:25.221153+00:00,buy,93313.9,0.00200
Lighter,2025-12-04T07:54:36.447807+00:00,SHORT,93104.0188,0.00200
Backpack,2025-12-04T07:56:32.142458+00:00,sell,93330.2,0.00200
Lighter,2025-12-04T07:56:43.361343+00:00,LONG,93495.3174,0.00200
Backpack,2025-12-04T07:56:45.976032+00:00,buy,93326.2,0.00200
Lighter,2025-12-04T07:56:56.749691+00:00,SHORT,93111.0048,0.00200
Backpack,2025-12-04T07:57:47.614193+00:00,sell,93360.0,0.00200
Lighter,2025-12-04T07:57:58.677455+00:00,LONG,93527.3814,0.00200
Backpack,2025-12-04T07:58:59.277569+00:00,sell,93386.2,0.00200
Lighter,2025-12-04T07:59:10.424901+00:00,LONG,93532.8924,0.00200
Backpack,2025-12-04T07:59:15.897536+00:00,buy,93400.8,0.00200
Lighter,2025-12-04T07:59:27.131471+00:00,SHORT,93178.0704,0.00200
Backpack,2025-12-04T07:59:52.034298+00:00,buy,93378.2,0.00200
Lighter,2025-12-04T08:00:03.105674+00:00,SHORT,93168.2900,0.00200
Backpack,2025-12-04T08:00:21.750127+00:00,buy,93377.2,0.00200
Lighter,2025-12-04T08:00:33.029031+00:00,SHORT,93159.8070,0.00200
Backpack,2025-12-04T08:00:51.890052+00:00,buy,93358.0,0.00200
Lighter,2025-12-04T08:01:03.053162+00:00,SHORT,93143.7392,0.00200
Backpack,2025-12-04T08:01:09.315391+00:00,sell,93313.8,0.00200
Lighter,2025-12-04T08:01:20.417335+00:00,LONG,93481.4898,0.00200
Backpack,2025-12-04T08:01:34.484148+00:00,sell,93368.6,0.00200
Lighter,2025-12-04T08:01:45.831464+00:00,LONG,93538.0026,0.00200
Backpack,2025-12-04T08:02:49.594852+00:00,sell,93422.9,0.00200
Lighter,2025-12-04T08:03:00.776461+00:00,LONG,93590.8080,0.00200
Backpack,2025-12-04T08:03:12.592597+00:00,sell,93496.5,0.00200
Lighter,2025-12-04T08:03:23.727813+00:00,LONG,93653.9340,0.00200
Backpack,2025-12-04T08:03:27.699441+00:00,buy,93510.0,0.00200
Lighter,2025-12-04T08:03:38.550808+00:00,SHORT,93297.0320,0.00200
Backpack,2025-12-04T08:04:30.849949+00:00,buy,93584.7,0.00200
Lighter,2025-12-04T08:04:42.222917+00:00,SHORT,93370.9838,0.00200
Backpack,2025-12-04T08:05:14.076160+00:00,sell,93560.4,0.00200
Lighter,2025-12-04T08:05:25.323263+00:00,LONG,93727.2804,0.00200
Backpack,2025-12-04T08:05:36.331423+00:00,buy,93526.4,0.00200
Lighter,2025-12-04T08:05:47.417592+00:00,SHORT,93306.7126,0.00200
Backpack,2025-12-04T08:06:22.114148+00:00,sell,93468.2,0.00200
Lighter,2025-12-04T08:06:33.707017+00:00,LONG,93629.0844,0.00200
Backpack,2025-12-04T08:07:20.770970+00:00,buy,93478.7,0.00060
Lighter,2025-12-04T08:07:31.834273+00:00,SHORT,93259.8066,0.00060
Backpack,2025-12-04T08:09:07.425154+00:00,buy,93370.2,0.00200
Lighter,2025-12-04T08:09:18.581912+00:00,SHORT,93194.8368,0.00200
Backpack,2025-12-04T08:09:22.667837+00:00,sell,93322.6,0.00200
Lighter,2025-12-04T08:09:33.640221+00:00,LONG,93486.9006,0.00200
Backpack,2025-12-04T08:09:41.534052+00:00,buy,93267.8,0.00200
Lighter,2025-12-04T08:09:52.630080+00:00,SHORT,93049.2286,0.00200
Backpack,2025-12-04T08:10:36.105705+00:00,buy,93214.3,0.00200
Lighter,2025-12-04T08:10:47.325573+00:00,SHORT,93031.5640,0.00200
Backpack,2025-12-04T08:11:01.268533+00:00,buy,93159.9,0.00200
Lighter,2025-12-04T08:11:12.447712+00:00,SHORT,92938.5504,0.00200
Backpack,2025-12-04T08:11:41.986523+00:00,buy,93173.1,0.00200
Lighter,2025-12-04T08:11:53.070304+00:00,SHORT,92962.0034,0.00200
Backpack,2025-12-04T08:11:54.973948+00:00,sell,93123.0,0.00200
Lighter,2025-12-04T08:12:05.800222+00:00,LONG,93290.7090,0.00200
Backpack,2025-12-04T08:12:20.488106+00:00,buy,93099.3,0.00200
Lighter,2025-12-04T08:12:31.583657+00:00,SHORT,92889.3490,0.00200
Backpack,2025-12-04T08:13:08.322362+00:00,buy,93100.6,0.00200
Lighter,2025-12-04T08:13:19.527710+00:00,SHORT,92880.5666,0.00200
Backpack,2025-12-04T08:13:34.911150+00:00,buy,93086.1,0.00200
Lighter,2025-12-04T08:13:46.220200+00:00,SHORT,92865.4968,0.00200
Backpack,2025-12-04T08:13:52.189060+00:00,sell,93066.7,0.00200
Lighter,2025-12-04T08:14:03.626186+00:00,LONG,93232.1922,0.00200
Backpack,2025-12-04T08:14:07.928006+00:00,sell,93075.5,0.00200
Lighter,2025-12-04T08:14:19.126117+00:00,LONG,93238.7052,0.00200
Backpack,2025-12-04T08:15:05.544476+00:00,buy,93114.1,0.00200
Lighter,2025-12-04T08:15:16.733211+00:00,SHORT,92929.4686,0.00200
Backpack,2025-12-04T08:15:33.545662+00:00,sell,93124.3,0.00200
Lighter,2025-12-04T08:15:44.654286+00:00,LONG,93286.6008,0.00200
Backpack,2025-12-04T08:16:14.656053+00:00,sell,93121.7,0.00200
Lighter,2025-12-04T08:16:25.699857+00:00,LONG,93294.3162,0.00200
Backpack,2025-12-04T08:16:40.209626+00:00,sell,93180.7,0.00200
Lighter,2025-12-04T08:16:51.539899+00:00,LONG,93351.5304,0.00200
Backpack,2025-12-04T08:16:59.430223+00:00,buy,93179.8,0.00200
Lighter,2025-12-04T08:17:10.706023+00:00,SHORT,92982.3626,0.00200
Backpack,2025-12-04T08:17:18.258892+00:00,buy,93189.8,0.00200
Lighter,2025-12-04T08:17:29.443835+00:00,SHORT,92971.9834,0.00200
Backpack,2025-12-04T08:17:41.278081+00:00,sell,93192.6,0.00200
Lighter,2025-12-04T08:17:52.429395+00:00,LONG,93361.7508,0.00200
Backpack,2025-12-04T08:18:54.725486+00:00,sell,93210.1,0.00200
Lighter,2025-12-04T08:19:05.989316+00:00,LONG,93377.9832,0.00200
Backpack,2025-12-04T08:19:13.353293+00:00,sell,93179.4,0.00200
Lighter,2025-12-04T08:19:24.794196+00:00,LONG,93350.3280,0.00200
Backpack,2025-12-04T08:19:51.962205+00:00,sell,93180.7,0.00200
Lighter,2025-12-04T08:20:03.328676+00:00,LONG,93332.7930,0.00200
Backpack,2025-12-04T08:21:32.977006+00:00,buy,93172.7,0.00200
Lighter,2025-12-04T08:21:44.310526+00:00,SHORT,92962.2030,0.00200
Backpack,2025-12-04T08:23:01.168689+00:00,sell,93167.3,0.00001
Lighter,2025-12-04T08:23:12.312383+00:00,LONG,93333.0936,0.00001
Backpack,2025-12-04T08:23:37.770490+00:00,buy,93193.8,0.00200
Lighter,2025-12-04T08:23:49.110957+00:00,SHORT,92973.1810,0.00200
Backpack,2025-12-04T08:24:05.378254+00:00,sell,93151.1,0.00200
Lighter,2025-12-04T08:24:16.486774+00:00,LONG,93317.6628,0.00200
Backpack,2025-12-04T08:26:09.333677+00:00,buy,93186.9,0.00200
Lighter,2025-12-04T08:26:20.566026+00:00,SHORT,92985.4564,0.00200
Backpack,2025-12-04T08:28:05.159055+00:00,sell,93091.0,0.00200
Lighter,2025-12-04T08:28:16.484360+00:00,LONG,93274.2762,0.00200
Backpack,2025-12-04T08:30:00.510013+00:00,buy,93111.5,0.00200
Lighter,2025-12-04T08:30:11.854574+00:00,SHORT,92895.6364,0.00200
Backpack,2025-12-04T08:30:22.330423+00:00,buy,93075.5,0.00200
Lighter,2025-12-04T08:30:33.483147+00:00,SHORT,92875.9758,0.00200
Backpack,2025-12-04T08:31:32.057289+00:00,sell,93033.4,0.00200
Lighter,2025-12-04T08:31:43.316886+00:00,LONG,93204.1362,0.00200
Backpack,2025-12-04T08:32:26.189215+00:00,sell,93083.1,0.00200
Lighter,2025-12-04T08:32:37.506302+00:00,LONG,93255.9396,0.00200
Backpack,2025-12-04T08:32:58.385754+00:00,sell,93108.0,0.00200
Lighter,2025-12-04T08:33:09.766608+00:00,LONG,93282.5928,0.00200
Backpack,2025-12-04T08:33:21.159364+00:00,sell,93125.8,0.00200
Lighter,2025-12-04T08:33:32.336933+00:00,LONG,93274.1760,0.00200
Backpack,2025-12-04T08:33:54.655390+00:00,sell,93130.1,0.00200
Lighter,2025-12-04T08:34:06.251280+00:00,LONG,93306.4404,0.00200
Backpack,2025-12-04T08:34:22.328969+00:00,sell,93155.1,0.00200
Lighter,2025-12-04T08:34:33.561043+00:00,LONG,93334.5966,0.00200
Backpack,2025-12-04T08:35:10.070616+00:00,sell,93206.7,0.00200
Lighter,2025-12-04T08:35:21.318866+00:00,LONG,93377.9832,0.00200
Backpack,2025-12-04T08:36:00.945715+00:00,sell,93252.9,0.00200
Lighter,2025-12-04T08:36:12.146870+00:00,LONG,93422.7726,0.00200
Backpack,2025-12-04T08:37:53.828365+00:00,sell,93211.4,0.00200
Lighter,2025-12-04T08:38:04.980209+00:00,LONG,93385.5984,0.00200
Backpack,2025-12-04T08:38:53.925756+00:00,sell,93213.7,0.00200
Lighter,2025-12-04T08:39:05.056491+00:00,LONG,93377.6826,0.00200
Backpack,2025-12-04T08:40:37.319091+00:00,sell,93283.2,0.00200
Lighter,2025-12-04T08:40:48.658751+00:00,LONG,93452.7324,0.00200
Backpack,2025-12-04T08:42:08.958090+00:00,sell,93330.9,0.00200
Lighter,2025-12-04T08:42:20.236109+00:00,LONG,93495.1170,0.00200
Backpack,2025-12-04T08:43:03.757076+00:00,buy,93366.7,0.00200
Lighter,2025-12-04T08:43:15.114820+00:00,SHORT,93142.9408,0.00200
Backpack,2025-12-04T08:43:32.848355+00:00,buy,93305.7,0.00200
Lighter,2025-12-04T08:43:44.090352+00:00,SHORT,93094.5378,0.00200
Backpack,2025-12-04T08:44:02.122411+00:00,sell,93301.1,0.00200
Lighter,2025-12-04T08:44:13.385381+00:00,LONG,93471.4698,0.00200
Backpack,2025-12-04T08:45:28.252418+00:00,buy,93309.2,0.00200
Lighter,2025-12-04T08:45:39.544622+00:00,SHORT,93088.3502,0.00200
Backpack,2025-12-04T08:46:13.612320+00:00,sell,93338.3,0.00200
Lighter,2025-12-04T08:46:24.720123+00:00,LONG,93508.7442,0.00200
Backpack,2025-12-04T08:46:57.423251+00:00,buy,93322.1,0.00200
Lighter,2025-12-04T08:47:08.582850+00:00,SHORT,93102.9210,0.00200
Backpack,2025-12-04T08:47:39.736545+00:00,buy,93340.3,0.00200
Lighter,2025-12-04T08:47:50.803755+00:00,SHORT,93125.3760,0.00200
Backpack,2025-12-04T08:47:56.957064+00:00,sell,93339.0,0.00200
Lighter,2025-12-04T08:48:08.089140+00:00,LONG,93508.0428,0.00200
Backpack,2025-12-04T08:48:16.560731+00:00,buy,93357.7,0.00200
Lighter,2025-12-04T08:48:27.765728+00:00,SHORT,93145.3360,0.00200
Backpack,2025-12-04T08:48:50.480764+00:00,sell,93357.4,0.00200
Lighter,2025-12-04T08:49:01.665915+00:00,LONG,93523.9746,0.00200
Backpack,2025-12-04T08:49:19.466278+00:00,sell,93379.8,0.00200
Lighter,2025-12-04T08:49:30.606129+00:00,LONG,93548.7240,0.00200
Backpack,2025-12-04T08:50:13.583947+00:00,sell,93294.2,0.00200
Lighter,2025-12-04T08:50:24.806251+00:00,LONG,93465.8586,0.00200
Backpack,2025-12-04T08:50:42.332466+00:00,buy,93282.1,0.00200
Lighter,2025-12-04T08:50:53.420103+00:00,SHORT,93074.2784,0.00200
Backpack,2025-12-04T08:52:02.972446+00:00,sell,93162.8,0.00200
Lighter,2025-12-04T08:52:14.328858+00:00,LONG,93338.6046,0.00200
Backpack,2025-12-04T08:54:14.063814+00:00,sell,93136.9,0.00200
Lighter,2025-12-04T08:54:25.161846+00:00,LONG,93318.2640,0.00200
Backpack,2025-12-04T08:54:51.752604+00:00,buy,93144.1,0.00200
Lighter,2025-12-04T08:55:02.830090+00:00,SHORT,92933.6602,0.00200
Backpack,2025-12-04T08:56:22.329203+00:00,sell,93155.9,0.00200
Lighter,2025-12-04T08:56:33.516124+00:00,LONG,93335.7990,0.00200
Backpack,2025-12-04T08:56:39.166328+00:00,sell,93194.2,0.00200
Lighter,2025-12-04T08:56:50.359360+00:00,LONG,93372.4722,0.00200
Backpack,2025-12-04T08:58:01.816095+00:00,buy,93180.2,0.00200
Lighter,2025-12-04T08:58:13.039905+00:00,SHORT,92959.1092,0.00200
Backpack,2025-12-04T08:58:48.697145+00:00,sell,93193.3,0.00200
Lighter,2025-12-04T08:58:59.850117+00:00,LONG,93368.5644,0.00200
Backpack,2025-12-04T09:00:56.042395+00:00,buy,93244.7,0.00200
Lighter,2025-12-04T09:01:07.147508+00:00,SHORT,93033.6598,0.00200
Backpack,2025-12-04T09:02:42.103071+00:00,buy,93309.9,0.00200
Lighter,2025-12-04T09:02:53.684077+00:00,SHORT,93091.4440,0.00200
Backpack,2025-12-04T09:03:21.537759+00:00,buy,93294.5,0.00200
Lighter,2025-12-04T09:03:33.031487+00:00,SHORT,93081.9630,0.00200
Backpack,2025-12-04T09:05:23.085444+00:00,sell,93296.6,0.00200
Lighter,2025-12-04T09:05:34.484185+00:00,LONG,93474.8766,0.00200
Backpack,2025-12-04T09:06:07.687222+00:00,sell,93415.6,0.00200
Lighter,2025-12-04T09:06:18.894975+00:00,LONG,93522.5718,0.00200
Backpack,2025-12-04T09:06:37.506075+00:00,buy,93513.4,0.00200
Lighter,2025-12-04T09:06:48.918043+00:00,SHORT,93295.0360,0.00200
Backpack,2025-12-04T09:07:03.482830+00:00,sell,93547.4,0.00200
Lighter,2025-12-04T09:07:14.591606+00:00,LONG,93715.9578,0.00200
Backpack,2025-12-04T09:07:53.465012+00:00,buy,93497.1,0.00200
Lighter,2025-12-04T09:08:04.623462+00:00,SHORT,93294.4372,0.00200
Backpack,2025-12-04T09:08:18.648955+00:00,buy,93551.6,0.00200
Lighter,2025-12-04T09:08:29.868811+00:00,SHORT,93332.1616,0.00200
Backpack,2025-12-04T09:08:36.756386+00:00,buy,93526.4,0.00200
Lighter,2025-12-04T09:08:48.024485+00:00,SHORT,93314.8962,0.00200
Backpack,2025-12-04T09:09:08.794522+00:00,sell,93545.9,0.00200
Lighter,2025-12-04T09:09:19.848210+00:00,LONG,93712.8516,0.00200
Backpack,2025-12-04T09:09:40.073938+00:00,buy,93537.2,0.00200
Lighter,2025-12-04T09:09:51.367690+00:00,SHORT,93335.7544,0.00200
Backpack,2025-12-04T09:10:03.324788+00:00,sell,93533.2,0.00200
Lighter,2025-12-04T09:10:14.594630+00:00,LONG,93711.7494,0.00200
Backpack,2025-12-04T09:10:23.089242+00:00,buy,93541.8,0.00200
Lighter,2025-12-04T09:10:34.204118+00:00,SHORT,93325.2754,0.00200
Backpack,2025-12-04T09:11:54.716785+00:00,buy,93474.1,0.00200
Lighter,2025-12-04T09:12:05.967276+00:00,SHORT,93275.8744,0.00200
Backpack,2025-12-04T09:13:30.227136+00:00,buy,93413.8,0.00200
Lighter,2025-12-04T09:13:42.756731+00:00,SHORT,93193.2400,0.00200
Backpack,2025-12-04T09:14:11.214704+00:00,buy,93374.6,0.00200
Lighter,2025-12-04T09:14:22.648530+00:00,SHORT,93149.0286,0.00200
Backpack,2025-12-04T09:16:33.853278+00:00,buy,93324.1,0.00200
Lighter,2025-12-04T09:16:45.444899+00:00,SHORT,93114.1984,0.00200
Backpack,2025-12-04T09:16:50.591663+00:00,sell,93301.8,0.00200
Lighter,2025-12-04T09:17:02.242718+00:00,LONG,93451.0290,0.00200
Backpack,2025-12-04T09:17:09.291965+00:00,buy,93326.7,0.00200
Lighter,2025-12-04T09:17:20.764840+00:00,SHORT,93132.1624,0.00200
Backpack,2025-12-04T09:17:58.908303+00:00,buy,93228.1,0.00200
Lighter,2025-12-04T09:18:10.270623+00:00,SHORT,93013.6000,0.00200
Backpack,2025-12-04T09:18:33.466965+00:00,sell,93278.1,0.00200
Lighter,2025-12-04T09:18:45.192375+00:00,LONG,93412.6524,0.00200
Backpack,2025-12-04T09:18:53.026223+00:00,sell,93288.7,0.00200
Lighter,2025-12-04T09:19:04.391209+00:00,LONG,93460.3476,0.00200
Backpack,2025-12-04T09:19:22.480064+00:00,sell,93291.0,0.00200
Lighter,2025-12-04T09:19:34.043900+00:00,LONG,93462.5520,0.00200
Backpack,2025-12-04T09:20:07.531316+00:00,sell,93307.7,0.00200
Lighter,2025-12-04T09:20:19.125805+00:00,LONG,93461.5500,0.00200
Backpack,2025-12-04T09:21:27.171297+00:00,sell,93305.4,0.00200
Lighter,2025-12-04T09:21:38.721820+00:00,LONG,93472.6722,0.00200
Backpack,2025-12-04T09:22:31.390362+00:00,sell,93337.9,0.00200
Lighter,2025-12-04T09:22:42.979664+00:00,LONG,93504.0348,0.00200
Backpack,2025-12-04T09:23:51.737572+00:00,buy,93324.2,0.00200
Lighter,2025-12-04T09:24:03.107915+00:00,SHORT,93104.6176,0.00200
Backpack,2025-12-04T09:24:15.425583+00:00,sell,93317.8,0.00200
Lighter,2025-12-04T09:24:27.119265+00:00,LONG,93492.0108,0.00200
Backpack,2025-12-04T09:25:03.258790+00:00,sell,93353.5,0.00200
Lighter,2025-12-04T09:25:14.646558+00:00,LONG,93529.5858,0.00200
Backpack,2025-12-04T09:26:00.771769+00:00,buy,93359.0,0.00200
Lighter,2025-12-04T09:26:12.304812+00:00,SHORT,93158.3100,0.00200
Backpack,2025-12-04T09:26:30.213200+00:00,buy,93359.9,0.00200
Lighter,2025-12-04T09:26:41.626655+00:00,SHORT,93151.0246,0.00200
Backpack,2025-12-04T09:28:18.190738+00:00,buy,93327.3,0.00200
Lighter,2025-12-04T09:28:29.837222+00:00,SHORT,93132.2622,0.00200
Backpack,2025-12-04T09:29:01.195209+00:00,sell,93321.8,0.00200
Lighter,2025-12-04T09:29:12.604384+00:00,LONG,93492.3114,0.00200
Backpack,2025-12-04T09:30:00.571727+00:00,sell,93362.9,0.00200
Lighter,2025-12-04T09:30:12.049608+00:00,LONG,93524.6760,0.00200
Backpack,2025-12-04T09:30:24.815624+00:00,sell,93372.9,0.00200
Lighter,2025-12-04T09:30:36.350418+00:00,LONG,93535.7982,0.00200
Backpack,2025-12-04T09:30:57.519889+00:00,buy,93374.2,0.00200
Lighter,2025-12-04T09:31:08.991054+00:00,SHORT,93165.1962,0.00200
Backpack,2025-12-04T09:31:59.434281+00:00,sell,93368.5,0.00200
Lighter,2025-12-04T09:32:10.727117+00:00,LONG,93500.2272,0.00200
Backpack,2025-12-04T09:32:25.744706+00:00,sell,93425.4,0.00200
Lighter,2025-12-04T09:32:37.219903+00:00,LONG,93576.7800,0.00200
Backpack,2025-12-04T09:33:04.695871+00:00,buy,93400.9,0.00200
Lighter,2025-12-04T09:33:15.984236+00:00,SHORT,93204.2180,0.00200
Backpack,2025-12-04T09:33:31.249195+00:00,sell,93405.7,0.00200
Lighter,2025-12-04T09:33:42.711621+00:00,LONG,93579.3852,0.00200
Backpack,2025-12-04T09:34:08.889338+00:00,buy,93440.2,0.00200
Lighter,2025-12-04T09:34:20.521307+00:00,SHORT,93236.2538,0.00200
Backpack,2025-12-04T09:34:59.163180+00:00,sell,93428.2,0.00200
Lighter,2025-12-04T09:35:12.048461+00:00,LONG,93610.3470,0.00200
Backpack,2025-12-04T09:37:19.506295+00:00,buy,93408.4,0.00200
Lighter,2025-12-04T09:37:31.057177+00:00,SHORT,93197.3318,0.00200
Backpack,2025-12-04T09:37:36.878396+00:00,sell,93380.6,0.00200
Lighter,2025-12-04T09:37:48.492044+00:00,LONG,93542.5116,0.00200
Backpack,2025-12-04T09:39:07.396770+00:00,sell,93442.9,0.00200
Lighter,2025-12-04T09:39:19.967341+00:00,LONG,93617.1606,0.00200
Backpack,2025-12-04T09:39:34.249185+00:00,buy,93450.8,0.00200
Lighter,2025-12-04T09:39:46.031859+00:00,SHORT,93232.8606,0.00200
Backpack,2025-12-04T09:41:04.722806+00:00,sell,93449.7,0.00200
Lighter,2025-12-04T09:41:16.044138+00:00,LONG,93618.1626,0.00200
Backpack,2025-12-04T09:41:28.524532+00:00,buy,93462.9,0.00200
Lighter,2025-12-04T09:41:40.856821+00:00,SHORT,93261.6030,0.00200
Backpack,2025-12-04T09:42:01.697208+00:00,sell,93439.5,0.00200
Lighter,2025-12-04T09:42:13.353829+00:00,LONG,93573.9744,0.00200
Backpack,2025-12-04T09:45:16.291117+00:00,buy,93442.6,0.00200
Lighter,2025-12-04T09:45:28.046018+00:00,SHORT,93224.1780,0.00200
Backpack,2025-12-04T09:48:45.564539+00:00,buy,93427.4,0.00200
Lighter,2025-12-04T09:48:57.282402+00:00,SHORT,93206.2140,0.00200
Backpack,2025-12-04T09:50:26.818587+00:00,buy,93471.0,0.00200
Lighter,2025-12-04T09:50:39.527206+00:00,SHORT,93265.5950,0.00200
Backpack,2025-12-04T09:51:15.911859+00:00,buy,93461.0,0.00200
Lighter,2025-12-04T09:51:27.622540+00:00,SHORT,93240.2458,0.00200
Backpack,2025-12-04T09:52:28.395984+00:00,sell,93443.1,0.00200
Lighter,2025-12-04T09:52:40.807885+00:00,LONG,93619.4652,0.00200
Backpack,2025-12-04T09:55:10.365665+00:00,buy,93547.2,0.00200
Lighter,2025-12-04T09:55:22.477196+00:00,SHORT,93380.3650,0.00200
Backpack,2025-12-04T09:55:37.492412+00:00,buy,93458.0,0.00200
Lighter,2025-12-04T09:55:49.674858+00:00,SHORT,93308.6088,0.00200
Backpack,2025-12-04T10:01:09.692015+00:00,sell,93500.4,0.00200
Lighter,2025-12-04T10:01:21.494090+00:00,LONG,93650.7276,0.00200
Backpack,2025-12-04T10:02:47.091889+00:00,buy,93516.4,0.00200
Lighter,2025-12-04T10:02:58.922562+00:00,SHORT,93326.5728,0.00200
Backpack,2025-12-04T10:03:12.956916+00:00,sell,93493.2,0.00200
Lighter,2025-12-04T10:03:24.435871+00:00,LONG,93660.4470,0.00200
Backpack,2025-12-04T10:04:42.218064+00:00,buy,93526.1,0.00200
Lighter,2025-12-04T10:04:53.883519+00:00,SHORT,93314.2974,0.00200
Backpack,2025-12-04T10:06:09.401079+00:00,buy,93437.6,0.00200
Lighter,2025-12-04T10:06:20.849823+00:00,SHORT,93223.8786,0.00200
Backpack,2025-12-04T10:09:10.560749+00:00,buy,93417.9,0.00200
Lighter,2025-12-04T10:09:22.738652+00:00,SHORT,93207.7110,0.00200
Backpack,2025-12-04T10:09:35.454200+00:00,sell,93405.4,0.00200
Lighter,2025-12-04T10:09:46.934148+00:00,LONG,93564.9564,0.00200
Backpack,2025-12-04T10:10:31.069396+00:00,sell,93470.8,0.00200
Lighter,2025-12-04T10:10:43.505665+00:00,LONG,93653.5332,0.00200
Backpack,2025-12-04T10:11:06.945387+00:00,buy,93385.9,0.00200
Lighter,2025-12-04T10:11:18.578054+00:00,SHORT,93272.6808,0.00200
Backpack,2025-12-04T10:11:41.790571+00:00,sell,93410.9,0.00200
Lighter,2025-12-04T10:11:56.275740+00:00,LONG,93591.6096,0.00200
Backpack,2025-12-04T10:13:14.957526+00:00,sell,93375.0,0.00200
Lighter,2025-12-04T10:13:26.109046+00:00,LONG,93544.1148,0.00200
Backpack,2025-12-04T10:14:02.768221+00:00,buy,93372.3,0.00200
Lighter,2025-12-04T10:14:13.906524+00:00,SHORT,93167.1922,0.00200
Backpack,2025-12-04T10:17:17.231725+00:00,sell,93322.4,0.00200
Lighter,2025-12-04T10:17:28.413269+00:00,LONG,93499.4256,0.00200
Backpack,2025-12-04T10:20:04.005260+00:00,sell,93281.9,0.00200
Lighter,2025-12-04T10:20:15.376771+00:00,LONG,93421.9710,0.00200
Backpack,2025-12-04T10:21:33.710840+00:00,sell,93291.8,0.00200
Lighter,2025-12-04T10:21:44.878125+00:00,LONG,93462.8526,0.00200
Backpack,2025-12-04T10:22:20.403361+00:00,sell,93328.0,0.00200
Lighter,2025-12-04T10:22:32.967915+00:00,LONG,93501.4296,0.00200
Backpack,2025-12-04T10:23:20.819047+00:00,sell,93334.9,0.00200
Lighter,2025-12-04T10:23:31.900067+00:00,LONG,93506.3394,0.00200
Backpack,2025-12-04T10:27:28.808104+00:00,buy,93333.8,0.00200
Lighter,2025-12-04T10:27:40.018249+00:00,SHORT,93133.9588,0.00200
Backpack,2025-12-04T10:28:06.129553+00:00,sell,93362.9,0.00200
Lighter,2025-12-04T10:28:17.323135+00:00,LONG,93501.1290,0.00200
Backpack,2025-12-04T10:33:07.794516+00:00,buy,93298.1,0.00200
Lighter,2025-12-04T10:33:19.040841+00:00,SHORT,93079.8672,0.00200
Backpack,2025-12-04T10:33:41.535188+00:00,buy,93285.9,0.00200
Lighter,2025-12-04T10:33:52.669829+00:00,SHORT,93070.0868,0.00200
Backpack,2025-12-04T10:34:09.730487+00:00,sell,93334.7,0.00200
Lighter,2025-12-04T10:34:20.864748+00:00,LONG,93477.9828,0.00200
Backpack,2025-12-04T10:34:46.128538+00:00,buy,93355.9,0.00200
Lighter,2025-12-04T10:34:57.160867+00:00,SHORT,93136.4538,0.00200
Backpack,2025-12-04T10:35:03.316624+00:00,buy,93315.6,0.00200
Lighter,2025-12-04T10:35:14.458922+00:00,SHORT,93100.9250,0.00200
Backpack,2025-12-04T10:37:00.986946+00:00,buy,93316.7,0.00200
Lighter,2025-12-04T10:37:12.241272+00:00,SHORT,93119.2882,0.00200
Backpack,2025-12-04T10:39:12.802878+00:00,sell,93293.2,0.00200
Lighter,2025-12-04T10:39:24.114474+00:00,LONG,93464.7564,0.00200
Backpack,2025-12-04T10:39:41.353140+00:00,sell,93306.3,0.00200
Lighter,2025-12-04T10:39:52.601340+00:00,LONG,93464.5560,0.00200
Backpack,2025-12-04T10:40:15.510999+00:00,sell,93318.5,0.00200
Lighter,2025-12-04T10:40:26.758880+00:00,LONG,93490.9086,0.00200
Backpack,2025-12-04T10:41:20.777217+00:00,buy,93277.1,0.00200
Lighter,2025-12-04T10:41:31.896911+00:00,SHORT,93061.2046,0.00200
Backpack,2025-12-04T10:43:23.141084+00:00,sell,93293.6,0.00200
Lighter,2025-12-04T10:43:34.436057+00:00,LONG,93473.1732,0.00200
Backpack,2025-12-04T10:44:07.158598+00:00,buy,93247.2,0.00200
Lighter,2025-12-04T10:44:18.319434+00:00,SHORT,93026.2746,0.00200
Backpack,2025-12-04T10:44:27.777114+00:00,sell,93219.6,0.00200
Lighter,2025-12-04T10:44:39.019388+00:00,LONG,93373.7748,0.00200
Backpack,2025-12-04T10:45:01.640262+00:00,sell,93291.8,0.00200
Lighter,2025-12-04T10:45:12.940041+00:00,LONG,93465.1572,0.00200
Backpack,2025-12-04T10:45:18.742572+00:00,buy,93362.5,0.00200
Lighter,2025-12-04T10:45:29.965495+00:00,SHORT,93163.8988,0.00200
Backpack,2025-12-04T10:46:10.410952+00:00,buy,93276.0,0.00200
Lighter,2025-12-04T10:46:21.691414+00:00,SHORT,93065.9950,0.00200
Backpack,2025-12-04T10:46:47.386312+00:00,sell,93251.0,0.00200
Lighter,2025-12-04T10:46:58.659318+00:00,LONG,93427.7826,0.00200
Backpack,2025-12-04T10:49:24.109586+00:00,buy,93224.5,0.00200
Lighter,2025-12-04T10:49:35.179579+00:00,SHORT,93028.3704,0.00200
Backpack,2025-12-04T10:49:54.720150+00:00,sell,93205.8,0.00200
Lighter,2025-12-04T10:50:05.781457+00:00,LONG,93382.2918,0.00200
Backpack,2025-12-04T10:50:10.859134+00:00,sell,93221.6,0.00200
Lighter,2025-12-04T10:50:21.945230+00:00,LONG,93399.8268,0.00200
Backpack,2025-12-04T10:51:04.037925+00:00,buy,93187.2,0.00200
Lighter,2025-12-04T10:51:15.079104+00:00,SHORT,92987.9514,0.00200
Backpack,2025-12-04T10:54:45.798565+00:00,sell,93218.8,0.00200
Lighter,2025-12-04T10:54:56.913141+00:00,LONG,93388.2036,0.00200
Backpack,2025-12-04T11:00:01.663708+00:00,buy,93234.3,0.00200
Lighter,2025-12-04T11:00:12.949272+00:00,SHORT,93027.3724,0.00200
Backpack,2025-12-04T11:01:04.571398+00:00,sell,93231.9,0.00200
Lighter,2025-12-04T11:01:15.784488+00:00,LONG,93419.6664,0.00200
Backpack,2025-12-04T11:03:30.640489+00:00,buy,93251.4,0.00200
Lighter,2025-12-04T11:03:41.954995+00:00,SHORT,93035.0570,0.00200
Backpack,2025-12-04T11:05:34.897146+00:00,buy,93188.1,0.00200
Lighter,2025-12-04T11:05:46.228797+00:00,SHORT,92967.9914,0.00200
Backpack,2025-12-04T11:07:20.268366+00:00,sell,93243.8,0.00200
Lighter,2025-12-04T11:07:31.468023+00:00,LONG,93397.5222,0.00200
Backpack,2025-12-04T11:07:56.225830+00:00,buy,93199.2,0.00200
Lighter,2025-12-04T11:08:07.419097+00:00,SHORT,92981.8636,0.00200
Backpack,2025-12-04T11:08:26.407697+00:00,sell,93267.8,0.00200
Lighter,2025-12-04T11:08:37.701420+00:00,LONG,93439.1052,0.00200
Backpack,2025-12-04T11:09:05.315296+00:00,sell,93251.2,0.00200
Lighter,2025-12-04T11:09:16.405246+00:00,LONG,93415.2576,0.00200
Backpack,2025-12-04T11:10:01.089375+00:00,buy,93275.6,0.00200
Lighter,2025-12-04T11:10:12.371032+00:00,SHORT,93095.1366,0.00200
Backpack,2025-12-04T11:11:05.470723+00:00,buy,93256.0,0.00200
Lighter,2025-12-04T11:11:16.721310+00:00,SHORT,93033.3604,0.00200
Backpack,2025-12-04T11:11:40.776571+00:00,sell,93253.2,0.00200
Lighter,2025-12-04T11:11:52.415040+00:00,LONG,93421.5702,0.00200
Backpack,2025-12-04T11:12:20.187931+00:00,sell,93271.8,0.00200
Lighter,2025-12-04T11:12:31.243930+00:00,LONG,93442.9128,0.00200
Backpack,2025-12-04T11:13:08.040425+00:00,buy,93224.3,0.00200
Lighter,2025-12-04T11:13:19.161281+00:00,SHORT,93016.2946,0.00200
Backpack,2025-12-04T11:19:14.324462+00:00,buy,93235.0,0.00200
Lighter,2025-12-04T11:19:25.682686+00:00,SHORT,93018.1908,0.00200
Backpack,2025-12-04T11:20:07.393492+00:00,buy,93205.1,0.00200
Lighter,2025-12-04T11:20:18.627410+00:00,SHORT,92990.9454,0.00200
Backpack,2025-12-04T11:21:01.217686+00:00,buy,93164.3,0.00200
Lighter,2025-12-04T11:21:12.409576+00:00,SHORT,92967.5922,0.00200
Backpack,2025-12-04T11:21:27.015677+00:00,sell,93138.6,0.00200
Lighter,2025-12-04T11:21:38.123091+00:00,LONG,93308.2440,0.00200
Backpack,2025-12-04T11:22:11.230960+00:00,sell,93202.9,0.00200
Lighter,2025-12-04T11:22:22.702462+00:00,LONG,93366.8610,0.00200
Backpack,2025-12-04T11:22:31.086609+00:00,buy,93197.1,0.00200
Lighter,2025-12-04T11:22:42.227536+00:00,SHORT,92984.7578,0.00200
Backpack,2025-12-04T11:26:19.708774+00:00,buy,93026.1,0.00200
Lighter,2025-12-04T11:26:30.785738+00:00,SHORT,92821.6846,0.00200
Backpack,2025-12-04T11:27:10.691444+00:00,sell,93022.9,0.00200
Lighter,2025-12-04T11:27:21.795946+00:00,LONG,93166.7616,0.00200
Backpack,2025-12-04T11:28:05.617541+00:00,buy,93016.5,0.00200
Lighter,2025-12-04T11:28:16.912198+00:00,SHORT,92797.2336,0.00200
Backpack,2025-12-04T11:30:22.966426+00:00,sell,93002.3,0.00200
Lighter,2025-12-04T11:30:34.135650+00:00,LONG,93146.5212,0.00200
Backpack,2025-12-04T11:31:53.479293+00:00,buy,92953.9,0.00200
Lighter,2025-12-04T11:32:04.757474+00:00,SHORT,92762.0042,0.00200
Backpack,2025-12-04T11:32:42.294083+00:00,buy,92912.5,0.00200
Lighter,2025-12-04T11:32:53.441912+00:00,SHORT,92701.3258,0.00200
Backpack,2025-12-04T11:33:15.393012+00:00,sell,92844.9,0.00200
Lighter,2025-12-04T11:33:26.551629+00:00,LONG,93015.9606,0.00200
Backpack,2025-12-04T11:33:56.344734+00:00,sell,92760.1,0.00200
Lighter,2025-12-04T11:34:07.508430+00:00,LONG,92924.0772,0.00200
Backpack,2025-12-04T11:34:49.203134+00:00,buy,92753.2,0.00200
Lighter,2025-12-04T11:35:00.302464+00:00,SHORT,92535.3584,0.00200
Backpack,2025-12-04T11:35:24.625309+00:00,sell,92790.3,0.00200
Lighter,2025-12-04T11:35:35.935712+00:00,LONG,92961.9528,0.00200
Backpack,2025-12-04T11:35:58.553776+00:00,sell,92846.5,0.00200
Lighter,2025-12-04T11:36:09.735379+00:00,LONG,92998.0248,0.00200
Backpack,2025-12-04T11:36:41.685089+00:00,sell,92843.5,0.00200
Lighter,2025-12-04T11:36:52.947039+00:00,LONG,93019.1670,0.00200
Backpack,2025-12-04T11:37:03.858641+00:00,buy,92861.5,0.00200
Lighter,2025-12-04T11:37:14.978724+00:00,SHORT,92648.6314,0.00200
Backpack,2025-12-04T11:37:43.240522+00:00,sell,92841.1,0.00200
Lighter,2025-12-04T11:37:54.385977+00:00,LONG,93009.2472,0.00200
Backpack,2025-12-04T11:38:53.979325+00:00,sell,92834.8,0.00200
Lighter,2025-12-04T11:39:05.270254+00:00,LONG,93009.1470,0.00200
Backpack,2025-12-04T11:39:15.673915+00:00,buy,92821.3,0.00200
Lighter,2025-12-04T11:39:26.779686+00:00,SHORT,92609.3102,0.00200
Backpack,2025-12-04T11:40:43.518311+00:00,buy,92795.3,0.00200
Lighter,2025-12-04T11:40:54.743462+00:00,SHORT,92586.9550,0.00200
Backpack,2025-12-04T11:42:43.056335+00:00,sell,92763.6,0.00200
Lighter,2025-12-04T11:42:54.312087+00:00,LONG,92933.3958,0.00200
Backpack,2025-12-04T11:43:08.722297+00:00,sell,92790.3,0.00200
Lighter,2025-12-04T11:43:20.044217+00:00,LONG,92956.1412,0.00200
Backpack,2025-12-04T11:45:38.390259+00:00,buy,92768.4,0.00200
Lighter,2025-12-04T11:45:49.573440+00:00,SHORT,92558.8114,0.00200
Backpack,2025-12-04T11:46:48.914705+00:00,buy,92789.9,0.00200
Lighter,2025-12-04T11:46:59.962023+00:00,SHORT,92579.4700,0.00200
Backpack,2025-12-04T11:47:10.988353+00:00,sell,92817.6,0.00200
Lighter,2025-12-04T11:47:22.030025+00:00,LONG,92992.1130,0.00200
Backpack,2025-12-04T11:50:00.449020+00:00,buy,92827.3,0.00200
Lighter,2025-12-04T11:50:11.622655+00:00,SHORT,92644.3400,0.00200
