timestamp,bp_bid,bp_ask,lt_bid,lt_ask,long_spread,short_spread
2025-12-02 23:59:23.901,90900.9,90903.1,90902.2,90906.9,1.3,-3.8
2025-12-02 23:59:24.548,90888.7,90888.8,90884.7,90886.2,-4.0,2.6
2025-12-02 23:59:25.194,90890,90890.1,90871.7,90877.5,-18.3,12.6
2025-12-02 23:59:25.807,90904.3,90904.4,90883.9,90885.2,-20.4,19.2
2025-12-02 23:59:26.470,90908.6,90908.7,90898.6,90900.7,-10.0,8.0
2025-12-02 23:59:27.127,90908.6,90908.7,90896.2,90899.8,-12.4,8.9
2025-12-02 23:59:28.800,90900.7,90900.8,90894.5,90898.3,-6.2,2.5
2025-12-02 23:59:29.466,90900.7,90900.8,90882.5,90884.9,-18.2,15.9
2025-12-02 23:59:30.229,90896.6,90896.7,90881.7,90882.1,-14.9,14.6
2025-12-02 23:59:31.076,90894.1,90896,90880.7,90883.0,-13.4,13.0
2025-12-02 23:59:31.901,90884.3,90884.4,90879.0,90879.1,-5.3,5.3
2025-12-02 23:59:32.664,90881.3,90881.4,90866.8,90868.7,-14.5,12.7
2025-12-02 23:59:33.441,90852.2,90852.3,90863.7,90863.8,11.5,-11.5
2025-12-02 23:59:34.191,90849.9,90850,90823.0,90835.5,-26.9,14.5
2025-12-02 23:59:34.980,90843.7,90843.8,90838.6,90843.7,-5.1,0.1
2025-12-02 23:59:35.735,90843.7,90843.8,90830.7,90831.9,-13.0,11.9
2025-12-02 23:59:36.472,90828.6,90828.7,90835.8,90837.1,7.2,-8.4
2025-12-02 23:59:37.189,90828.6,90828.7,90811.5,90814.9,-17.1,13.8
2025-12-02 23:59:38.008,90820.3,90820.4,90821.4,90821.5,1.1,-1.1
2025-12-02 23:59:38.766,90820.3,90820.4,90810.1,90813.7,-10.2,6.7
2025-12-02 23:59:39.521,90820.3,90820.4,90810.5,90810.6,-9.8,9.8
2025-12-02 23:59:40.280,90820.3,90820.4,90810.5,90810.6,-9.8,9.8
2025-12-02 23:59:41.015,90820.3,90820.4,90809.6,90813.0,-10.7,7.4
2025-12-02 23:59:41.731,90820.3,90820.4,90810.5,90813.8,-9.8,6.6
2025-12-02 23:59:42.500,90820.3,90820.4,90811.2,90814.0,-9.1,6.4
2025-12-02 23:59:43.248,90827.7,90827.8,90813.9,90818.2,-13.8,9.6
2025-12-02 23:59:43.987,90834.3,90834.4,90819.7,90823.6,-14.6,10.8
2025-12-02 23:59:44.743,90844.8,90844.9,90821.8,90825.4,-23.0,19.5
2025-12-02 23:59:45.467,90849.6,90849.7,90834.3,90835.6,-15.3,14.1
2025-12-02 23:59:46.199,90855.8,90855.9,90837.7,90841.3,-18.1,14.6
2025-12-02 23:59:46.940,90855.8,90855.9,90845.2,90845.9,-10.6,10.0
2025-12-02 23:59:47.741,90855.8,90855.9,90845.1,90849.7,-10.7,6.2
2025-12-02 23:59:48.537,90855.8,90855.9,90845.0,90845.1,-10.8,10.8
2025-12-02 23:59:49.287,90868.3,90868.4,90850.5,90850.6,-17.8,17.8
2025-12-02 23:59:50.021,90868.3,90868.4,90854.6,90859.3,-13.7,9.1
2025-12-02 23:59:50.900,90868.3,90868.4,90856.9,90857.0,-11.4,11.4
2025-12-02 23:59:53.108,90857.2,90857.3,90856.9,90857.0,-0.3,0.3
2025-12-02 23:59:53.834,90857.2,90857.3,90841.2,90845.4,-16.0,11.9
2025-12-02 23:59:54.614,90857,90857.1,90843.8,90843.9,-13.2,13.2
2025-12-02 23:59:55.370,90833.8,90833.9,90843.1,90843.2,9.3,-9.3
2025-12-02 23:59:56.172,90834.1,90834.2,90823.5,90824.3,-10.6,9.9
2025-12-02 23:59:56.875,90834.1,90834.2,90824.2,90824.3,-9.9,9.9
2025-12-02 23:59:57.656,90834.1,90834.2,90823.9,90828.1,-10.2,6.1
2025-12-02 23:59:58.459,90834.1,90834.2,90823.9,90824.0,-10.2,10.2
2025-12-02 23:59:59.284,90801.6,90801.7,90816.9,90817.0,15.3,-15.3
2025-12-03 00:00:00.025,90801.6,90801.7,90787.9,90789.2,-13.7,12.5
2025-12-03 00:00:00.792,90800,90800.1,90789.8,90789.9,-10.2,10.2
2025-12-03 00:00:01.556,90800,90800.1,90784.7,90784.8,-15.3,15.3
2025-12-03 00:00:02.281,90813,90813.1,90784.7,90784.8,-28.3,28.3
2025-12-03 00:00:03.038,90813,90813.1,90802.2,90802.3,-10.8,10.8
2025-12-03 00:00:03.876,90818.2,90821.4,90800.3,90800.8,-17.9,20.6
2025-12-03 00:00:04.996,90851.4,90851.5,90816.9,90823.5,-34.5,28.0
2025-12-03 00:00:05.824,90810,90811,90838.9,90855.1,28.9,-44.1
2025-12-03 00:00:06.575,90824.7,90824.8,90822.2,90825.9,-2.5,-1.1
2025-12-03 00:00:07.344,90825.8,90827.4,90809.1,90811.3,-16.7,16.1
2025-12-03 00:00:08.066,90840.8,90842.5,90823.1,90824.9,-17.7,17.6
2025-12-03 00:00:08.787,90851.4,90851.5,90822.9,90831.5,-28.5,20.0
2025-12-03 00:00:10.687,90850.4,90850.5,90838.7,90857.0,-11.7,-6.5
2025-12-03 00:00:11.496,90865.9,90866.3,90838.7,90838.8,-27.2,27.5
2025-12-03 00:00:12.257,90864,90864.1,90854.1,90854.2,-9.9,9.9
2025-12-03 00:00:13.080,90834.1,90837.6,90850.7,90850.8,16.6,-13.2
2025-12-03 00:00:13.921,90828.6,90829.1,90822.9,90824.1,-5.7,5.0
2025-12-03 00:00:14.761,90836.5,90843.3,90818.0,90818.7,-18.5,24.6
2025-12-03 00:00:15.494,90848.3,90848.6,90835.1,90836.0,-13.2,12.6
2025-12-03 00:00:16.293,90874.5,90876.3,90852.4,90858.9,-22.1,17.4
2025-12-03 00:00:17.171,90876.9,90877,90867.9,90868.0,-9.0,9.0
2025-12-03 00:00:18.161,90889.6,90889.7,90877.3,90880.6,-12.3,9.1
2025-12-03 00:00:19.007,90899.9,90900,90877.1,90877.2,-22.8,22.8
2025-12-03 00:00:19.737,90896.4,90896.5,90898.9,90901.3,2.5,-4.8
2025-12-03 00:00:20.518,90864,90864.1,90872.8,90877.0,8.8,-12.9
2025-12-03 00:00:21.256,90868,90868.1,90861.9,90862.0,-6.1,6.1
2025-12-03 00:00:22.029,90866.1,90871,90848.2,90861.0,-17.9,10.0
2025-12-03 00:00:22.787,90869.6,90869.7,90849.6,90849.7,-20.0,20.0
2025-12-03 00:00:23.747,90887.6,90887.8,90865.8,90868.2,-21.8,19.6
2025-12-03 00:00:24.490,90897.2,90897.3,90882.9,90895.0,-14.3,2.3
2025-12-03 00:00:25.295,90897.2,90897.3,90894.4,90894.5,-2.8,2.8
2025-12-03 00:00:26.054,90911.6,90911.7,90899.7,90901.4,-11.9,10.3
2025-12-03 00:00:26.832,90931.6,90931.7,90918.2,90918.3,-13.4,13.4
2025-12-03 00:00:27.669,90919.4,90919.5,90928.5,90928.6,9.1,-9.1
2025-12-03 00:00:28.544,90919.2,90919.5,90913.2,90914.5,-6.0,5.0
2025-12-03 00:00:29.352,90917.7,90917.8,90915.7,90915.8,-2.0,2.0
2025-12-03 00:00:30.147,90898,90898.1,90902.8,90902.9,4.8,-4.8
2025-12-03 00:00:30.866,90898,90898.1,90894.4,90894.5,-3.6,3.6
2025-12-03 00:00:36.674,90905.7,90905.8,90891.3,90891.4,-14.4,14.4
2025-12-03 00:00:37.461,90905.6,90905.7,90917.3,90927.6,11.7,-21.9
2025-12-03 00:00:39.277,90915.8,90915.9,90898.9,90899.0,-16.9,16.9
2025-12-03 00:00:39.975,90915.8,90915.9,90906.2,90906.3,-9.6,9.6
2025-12-03 00:00:40.747,90939.3,90939.8,90909.6,90913.4,-29.7,26.4
2025-12-03 00:00:41.558,90947.6,90953.4,90927.6,90935.7,-20.0,17.7
2025-12-03 00:00:42.340,90967.6,90967.7,90959.9,90963.4,-7.7,4.3
2025-12-03 00:00:43.062,90978.7,90978.8,90966.8,90971.2,-11.9,7.6
2025-12-03 00:00:43.770,90979.6,90979.7,90978.0,90978.1,-1.6,1.6
2025-12-03 00:00:44.540,90982,90982.1,90973.4,90974.5,-8.6,7.6
2025-12-03 00:00:45.338,90981.1,90981.2,90969.2,90970.7,-11.9,10.5
2025-12-03 00:00:46.074,90990.1,90990.2,90983.4,90984.6,-6.7,5.6
2025-12-03 00:00:46.803,90988.3,90988.4,90990.0,90990.1,1.7,-1.7
2025-12-03 00:00:47.560,90977.1,90984.8,90993.5,90993.9,16.4,-9.1
2025-12-03 00:00:48.344,90982.5,90982.6,90990.0,90990.1,7.5,-7.5
2025-12-03 00:00:49.297,90982.5,90982.6,90990.0,90990.1,7.5,-7.5
2025-12-03 00:00:50.078,90964.1,90964.4,90990.0,90990.1,25.9,-25.7
2025-12-03 00:00:50.824,90964.3,90964.4,90990.0,90990.1,25.7,-25.7
2025-12-03 00:00:51.566,90971.9,90972,90963.9,90964.0,-8.0,8.0
2025-12-03 00:00:52.351,90971.9,90972,90970.7,90970.8,-1.2,1.2
2025-12-03 00:00:53.055,90967.6,90967.7,90970.2,90970.3,2.6,-2.6
2025-12-03 00:00:53.759,90973.9,90974,90963.8,90963.9,-10.1,10.1
2025-12-03 00:00:54.530,90963.2,90963.3,90963.8,90963.9,0.6,-0.6
2025-12-03 00:00:55.249,90961.6,90961.7,90949.1,90950.8,-12.5,10.9
2025-12-03 00:00:56.027,90961.6,90961.7,90960.0,90962.1,-1.6,-0.4
2025-12-03 00:00:56.846,90961.6,90961.7,90966.1,90967.2,4.5,-5.5
2025-12-03 00:00:57.681,90982.6,90985.4,90969.7,90970.8,-12.9,14.6
2025-12-03 00:00:58.422,90985.3,90985.4,90988.6,90988.7,3.3,-3.3
2025-12-03 00:00:59.165,90985.3,90985.4,90989.0,90989.6,3.7,-4.2
2025-12-03 00:00:59.939,90991.7,90991.8,90993.1,90994.2,1.4,-2.4
2025-12-03 00:01:00.669,90993.7,90993.8,90993.1,90994.4,-0.6,-0.6
2025-12-03 00:01:01.441,90993.7,90993.8,90994.4,90995.0,0.7,-1.2
2025-12-03 00:01:02.212,90997.5,91000,90994.3,90994.4,-3.2,5.6
2025-12-03 00:01:02.985,90996,90996.2,90998.8,90998.9,2.8,-2.7
2025-12-03 00:01:03.730,90999.3,90999.4,91008.3,91009.5,9.0,-10.1
2025-12-03 00:01:04.521,91018.6,91018.8,90990.9,90991.5,-27.7,27.3
2025-12-03 00:01:05.257,91022.4,91023.5,91005.8,91005.9,-16.6,17.6
2025-12-03 00:01:06.045,91037.3,91037.5,91022.7,91038.4,-14.6,-0.9
2025-12-03 00:01:06.922,91014.7,91014.8,91019.4,91024.1,4.7,-9.3
2025-12-03 00:01:08.126,91018.4,91018.5,91000.6,91004.5,-17.8,14.0
2025-12-03 00:01:09.082,91023.5,91023.6,91014.9,91015.0,-8.6,8.6
2025-12-03 00:01:10.112,91021.4,91021.5,91019.7,91019.8,-1.7,1.7
2025-12-03 00:01:10.962,91020.2,91020.3,91015.3,91015.4,-4.9,4.9
2025-12-03 00:01:11.720,91020.2,91020.3,91015.4,91015.5,-4.8,4.8
2025-12-03 00:01:12.453,91020.2,91020.3,91013.8,91016.2,-6.4,4.1
2025-12-03 00:01:13.261,91042.1,91042.2,91012.5,91016.1,-29.6,26.1
2025-12-03 00:01:14.067,91036.4,91036.5,91041.4,91046.3,5.0,-9.8
2025-12-03 00:01:14.832,91024.2,91024.3,91035.7,91036.4,11.5,-12.1
2025-12-03 00:01:15.589,91015.2,91015.3,91011.2,91011.3,-4.0,4.0
2025-12-03 00:01:16.369,91003.1,91003.2,91001.3,91001.7,-1.8,1.5
2025-12-03 00:01:17.112,91003.1,91003.2,90993.6,90994.4,-9.5,8.8
2025-12-03 00:01:17.775,91021.1,91021.2,91011.8,91015.0,-9.3,6.2
2025-12-03 00:01:19.436,91021,91021.1,91015.0,91017.4,-6.0,3.7
2025-12-03 00:01:20.028,91018.8,91018.9,91013.1,91014.1,-5.7,4.8
2025-12-03 00:01:20.655,91009.2,91009.3,91010.4,91012.0,1.2,-2.7
2025-12-03 00:01:21.260,91009.2,91009.3,91001.3,91002.9,-7.9,6.4
2025-12-03 00:01:21.904,91009.2,91009.3,91003.5,91004.1,-5.7,5.2
2025-12-03 00:01:22.554,91009.4,91009.5,91004.1,91005.8,-5.3,3.7
2025-12-03 00:01:23.226,91017.5,91017.6,91010.5,91010.6,-7.0,7.0
2025-12-03 00:01:23.887,91040.4,91040.5,91016.6,91018.8,-23.8,21.7
2025-12-03 00:01:24.579,91043.4,91043.5,91036.5,91039.2,-6.9,4.3
2025-12-03 00:01:25.179,91047.6,91047.7,91043.8,91044.9,-3.8,2.8
2025-12-03 00:01:25.776,91047.6,91047.7,91048.7,91053.5,1.1,-5.8
2025-12-03 00:01:26.458,91029.3,91029.4,91045.3,91045.4,16.0,-16.0
2025-12-03 00:01:27.092,91026.9,91027,91025.1,91025.2,-1.8,1.8
2025-12-03 00:01:27.771,91026.9,91027,91020.9,91024.6,-6.0,2.4
2025-12-03 00:01:28.401,91017.3,91017.4,91018.5,91020.4,1.2,-3.0
2025-12-03 00:01:28.987,91012.6,91012.7,91004.3,91008.1,-8.3,4.6
2025-12-03 00:01:29.869,91010.8,91010.9,90999.8,90999.9,-11.0,11.0
2025-12-03 00:01:30.561,91010.8,91010.9,91001.3,91002.8,-9.5,8.1
2025-12-03 00:01:31.152,91014.8,91014.9,91005.6,91005.7,-9.2,9.2
2025-12-03 00:01:31.781,91014.8,91014.9,91008.9,91012.3,-5.9,2.6
2025-12-03 00:01:32.440,91016.1,91016.2,91010.3,91012.5,-5.8,3.7
2025-12-03 00:01:33.094,91009.9,91010,91008.6,91011.0,-1.3,-1.0
2025-12-03 00:01:33.714,91009.9,91010,91000.4,91002.0,-9.5,8.0
2025-12-03 00:02:06.888,91045.1,91045.2,91034.3,91034.4,-10.8,10.8
2025-12-03 00:02:07.621,91047.6,91047.7,91038.2,91050.6,-9.4,-2.9
2025-12-03 00:02:08.352,91037.4,91037.8,91045.5,91045.6,8.1,-7.8
2025-12-03 00:02:08.958,91026.5,91026.6,91017.8,91020.8,-8.7,5.8
2025-12-03 00:02:09.544,91021,91021.1,91016.8,91017.0,-4.2,4.1
2025-12-03 00:02:10.214,91021,91021.1,91014.7,91016.6,-6.3,4.5
2025-12-03 00:02:10.950,91018.4,91018.5,91020.3,91020.4,1.9,-1.9
2025-12-03 00:02:11.563,91043.4,91043.5,91014.3,91014.4,-29.1,29.1
2025-12-03 00:02:12.177,91047.6,91047.7,91042.5,91042.6,-5.1,5.1
2025-12-03 00:02:12.820,91046.6,91046.7,91045.8,91045.9,-0.8,0.8
2025-12-03 00:02:13.466,91158.9,91173.4,91040.5,91040.6,-118.4,132.8
2025-12-03 00:02:14.124,91220.2,91235.9,91054.3,91086.1,-165.9,149.8
2025-12-03 00:02:14.789,91204.8,91206.9,91154.3,91157.9,-50.5,49.0
2025-12-03 00:02:15.467,91179.3,91194.2,91178.9,91200.0,-0.4,-5.8
2025-12-03 00:02:16.159,91158.9,91174.2,91194.3,91194.4,35.4,-20.2
2025-12-03 00:02:16.808,91177,91179.6,91192.5,91194.7,15.5,-15.1
2025-12-03 00:02:17.517,91177.2,91178.9,91171.6,91191.2,-5.6,-12.3
2025-12-03 00:02:18.149,91183.7,91183.8,91169.4,91169.6,-14.3,14.2
2025-12-03 00:02:18.750,91185.2,91185.3,91171.8,91171.9,-13.4,13.4
2025-12-03 00:02:19.357,91175.7,91175.8,91173.7,91174.3,-2.0,1.5
2025-12-03 00:02:20.013,91165.7,91175.1,91172.4,91172.7,6.7,2.4
2025-12-03 00:02:20.709,91165.7,91167,91161.7,91172.8,-4.0,-5.8
2025-12-03 00:02:21.311,91174.2,91174.3,91154.5,91155.0,-19.7,19.3
2025-12-03 00:02:21.951,91158.9,91162.5,91161.6,91180.1,2.7,-17.6
2025-12-03 00:02:22.615,91138.7,91138.8,91168.1,91168.2,29.4,-29.4
2025-12-03 00:02:23.223,91144.9,91145,91132.0,91136.5,-12.9,8.5
2025-12-03 00:02:23.922,91145,91150.3,91150.5,91150.6,5.5,-0.3
2025-12-03 00:02:24.572,91147,91147.1,91142.9,91150.7,-4.1,-3.6
2025-12-03 00:02:25.218,91160.5,91160.6,91146.2,91148.6,-14.3,12.0
2025-12-03 00:02:25.862,91187.1,91197.1,91159.7,91159.8,-27.4,37.3
2025-12-03 00:02:26.509,91187.2,91187.3,91191.5,91194.8,4.3,-7.5
2025-12-03 00:02:27.196,91198.1,91198.3,91180.4,91192.3,-17.7,6.0
2025-12-03 00:02:27.850,91191.3,91191.4,91191.1,91196.1,-0.2,-4.7
2025-12-03 00:02:28.473,91208.1,91208.2,91191.2,91191.3,-16.9,16.9
2025-12-03 00:02:29.064,91197.2,91197.3,91203.3,91203.4,6.1,-6.1
2025-12-03 00:02:29.731,91195.8,91199.4,91180.4,91188.2,-15.4,11.2
2025-12-03 00:02:30.415,91184.1,91184.2,91192.1,91192.2,8.0,-8.0
2025-12-03 00:02:31.017,91201.6,91201.7,91182.4,91182.5,-19.2,19.2
2025-12-03 00:02:31.621,91194.2,91195.2,91184.5,91187.7,-9.7,7.5
2025-12-03 00:02:32.261,91185.4,91185.5,91184.5,91184.7,-0.9,0.8
2025-12-03 00:02:32.939,91188.6,91188.7,91174.3,91178.1,-14.3,10.6
2025-12-03 00:02:33.566,91188.6,91188.7,91183.5,91190.7,-5.1,-2.0
2025-12-03 00:02:34.169,91188.6,91188.7,91175.8,91178.2,-12.8,10.5
2025-12-03 00:02:34.866,91183.6,91183.7,91171.9,91172.0,-11.7,11.7
2025-12-03 00:02:35.467,91180.6,91180.7,91170.3,91170.4,-10.3,10.3
2025-12-03 00:02:36.100,91180.6,91180.7,91175.5,91175.6,-5.1,5.1
2025-12-03 00:02:36.746,91170.1,91170.2,91169.2,91169.3,-0.9,0.9
2025-12-03 00:02:37.459,91138.6,91138.7,91160.0,91160.1,21.4,-21.4
2025-12-03 00:02:38.116,91138.6,91138.7,91134.1,91142.3,-4.5,-3.6
2025-12-03 00:02:38.729,91138.6,91138.7,91134.3,91136.1,-4.3,2.6
2025-12-03 00:02:39.387,91137.5,91137.6,91130.9,91134.2,-6.6,3.4
2025-12-03 00:02:40.058,91157.3,91164.2,91127.1,91129.8,-30.2,34.4
2025-12-03 00:02:40.682,91161.6,91161.7,91145.7,91146.8,-15.9,14.9
2025-12-03 00:02:41.307,91182.3,91183.1,91154.2,91154.3,-28.1,28.8
2025-12-03 00:02:41.902,91179.1,91179.2,91170.9,91172.0,-8.2,7.2
2025-12-03 00:02:42.596,91172.8,91172.9,91171.6,91174.2,-1.2,-1.3
2025-12-03 00:02:43.227,91172.8,91172.9,91179.5,91179.6,6.7,-6.7
2025-12-03 00:02:43.790,91172.8,91172.9,91171.8,91173.2,-1.0,-0.3
2025-12-03 00:02:44.422,91189,91189.1,91172.1,91172.2,-16.9,16.9
2025-12-03 00:02:45.073,91183.6,91183.7,91169.3,91182.1,-14.3,1.6
2025-12-03 00:02:45.685,91167.3,91167.4,91169.4,91170.0,2.1,-2.6
2025-12-03 00:02:46.322,91134.8,91134.9,91146.7,91150.6,11.9,-15.7
2025-12-03 00:02:46.974,91134.8,91134.9,91131.2,91133.9,-3.6,1.0
2025-12-03 00:02:47.659,91110.2,91110.4,91127.0,91127.1,16.8,-16.7
2025-12-03 00:02:48.291,91103.4,91103.5,91097.3,91104.3,-6.1,-0.8
2025-12-03 00:02:49.002,91104.7,91105.1,91100.1,91100.2,-4.6,4.9
2025-12-03 00:02:49.624,91119.8,91119.9,91114.2,91115.2,-5.6,4.7
2025-12-03 00:02:50.343,91123.4,91123.5,91117.4,91117.5,-6.0,6.0
2025-12-03 00:02:50.987,91136.6,91136.7,91124.2,91124.8,-12.4,11.9
2025-12-03 00:02:51.671,91136.6,91136.7,91126.9,91127.0,-9.7,9.7
2025-12-03 00:02:53.347,91125.5,91125.6,91122.9,91127.0,-2.6,-1.4
2025-12-03 00:02:53.999,91109.5,91109.6,91109.0,91109.1,-0.5,0.5
2025-12-03 00:02:54.621,91109.5,91109.6,91102.9,91105.1,-6.6,4.5
2025-12-03 00:02:55.264,91116.4,91117.7,91098.9,91099.0,-17.5,18.7
2025-12-03 00:02:55.918,91108.2,91108.3,91107.6,91107.7,-0.6,0.6
2025-12-03 00:02:56.554,91108.2,91108.3,91102.4,91103.3,-5.8,5.0
2025-12-03 00:02:57.262,91113.6,91114.1,91103.2,91103.3,-10.4,10.8
2025-12-03 00:02:57.985,91096.7,91096.8,91098.6,91106.7,1.9,-9.9
2025-12-03 00:02:58.640,91086.1,91086.2,91080.3,91082.0,-5.8,4.2
2025-12-03 00:02:59.322,91077.1,91077.2,91075.2,91077.5,-1.9,-0.3
2025-12-03 00:02:59.939,91077.1,91077.2,91073.7,91079.8,-3.4,-2.6
2025-12-03 00:03:00.597,91077.1,91077.2,91077.4,91077.5,0.3,-0.3
2025-12-03 00:03:01.217,91077.1,91077.2,91063.9,91064.0,-13.2,13.2
2025-12-03 00:03:01.927,91091.5,91095.2,91065.2,91068.3,-26.3,26.9
2025-12-03 00:03:02.604,91090.5,91090.6,91086.3,91087.0,-4.2,3.6
2025-12-03 00:03:03.270,91110,91112.4,91098.6,91103.7,-11.4,8.7
2025-12-03 00:03:03.920,91131.8,91131.9,91120.2,91120.3,-11.6,11.6
2025-12-03 00:03:04.538,91119.9,91131.6,91118.9,91120.0,-1.0,11.6
2025-12-03 00:03:05.171,91106.5,91106.6,91123.4,91123.5,16.9,-16.9
2025-12-03 00:03:05.844,91108.8,91108.9,91094.5,91098.4,-14.3,10.5
2025-12-03 00:03:06.595,91099.8,91099.9,91108.4,91112.7,8.6,-12.8
2025-12-03 00:03:07.451,91068.5,91070.3,91089.9,91094.6,21.4,-24.3
2025-12-03 00:03:08.282,91043.5,91043.6,91045.5,91074.9,2.0,-31.3
2025-12-03 00:03:09.036,91006.1,91006.2,91034.7,91035.6,28.6,-29.4
2025-12-03 00:03:09.811,91000,91000.1,90997.3,91003.4,-2.7,-3.3
2025-12-03 00:03:10.588,90996.4,90996.5,90993.6,90997.5,-2.8,-1.0
2025-12-03 00:03:11.315,91026.2,91040.1,90988.0,90992.1,-38.2,48.0
2025-12-03 00:03:12.088,91019.7,91022.1,91019.8,91022.9,0.1,-0.8
2025-12-03 00:03:12.825,91016,91016.2,91003.6,91006.8,-12.4,9.4
2025-12-03 00:03:13.578,91007.3,91007.4,90999.2,91001.6,-8.1,5.8
2025-12-03 00:03:14.337,90994.4,90994.5,90996.3,90998.5,1.9,-4.0
2025-12-03 00:03:15.249,90987.8,90987.9,90985.7,90988.3,-2.1,-0.4
2025-12-03 00:03:15.979,90986.8,90986.9,90981.2,90981.3,-5.6,5.6
2025-12-03 00:03:16.693,90979.9,90980,90981.2,90981.3,1.3,-1.3
2025-12-03 00:03:17.654,90978,90978.1,90976.7,90976.8,-1.3,1.3
2025-12-03 00:03:18.436,90964.4,90964.5,90964.6,90966.0,0.2,-1.5
2025-12-03 00:03:19.179,90944.6,90945.5,90958.4,90960.1,13.8,-14.6
2025-12-03 00:03:19.968,90944.4,90944.7,90937.9,90943.0,-6.5,1.7
2025-12-03 00:03:20.660,90964.5,90964.6,90941.1,90942.9,-23.4,21.7
2025-12-03 00:03:21.418,90964.5,90964.6,90958.4,90958.5,-6.1,6.1
2025-12-03 00:03:22.213,90994.1,91007.7,90964.0,90964.1,-30.1,43.6
2025-12-03 00:03:22.939,90999,90999.1,90993.0,90993.4,-6.0,5.7
2025-12-03 00:03:23.738,90994.4,90994.5,90991.7,90991.8,-2.7,2.7
2025-12-03 00:03:24.493,90994.4,90994.5,90991.5,90993.9,-2.9,0.6
2025-12-03 00:03:25.281,91000.1,91000.2,91003.1,91007.5,3.0,-7.3
2025-12-03 00:03:26.102,90998.3,90998.4,90992.1,90993.2,-6.2,5.2
2025-12-03 00:03:26.834,90998.3,90998.4,90995.8,90995.9,-2.5,2.5
2025-12-03 00:03:27.633,90999.5,90999.6,90994.8,90996.8,-4.7,2.8
2025-12-03 00:03:28.400,90998.6,90998.7,90992.3,90995.0,-6.3,3.7
2025-12-03 00:03:29.138,90998.6,90998.7,90996.7,90996.8,-1.9,1.9
2025-12-03 00:03:29.883,91013.4,91013.5,90994.8,90994.9,-18.6,18.6
2025-12-03 00:03:30.644,91035.4,91042.1,91005.6,91018.0,-29.8,24.1
2025-12-03 00:03:31.366,91046.2,91046.3,91018.9,91019.0,-27.3,27.3
2025-12-03 00:03:32.150,91034.1,91034.2,91027.4,91032.7,-6.7,1.5
2025-12-03 00:03:32.908,91034.1,91034.2,91027.4,91027.5,-6.7,6.7
2025-12-03 00:03:33.678,91017.6,91018.4,91023.0,91023.1,5.4,-4.7
2025-12-03 00:03:34.446,91021.1,91021.2,91003.1,91006.5,-18.0,14.7
2025-12-03 00:03:35.211,91025.8,91025.9,91016.8,91019.3,-9.0,6.6
2025-12-03 00:03:35.962,91026.8,91026.9,91017.2,91018.8,-9.6,8.1
2025-12-03 00:03:36.715,91034.1,91034.2,91022.6,91022.7,-11.5,11.5
2025-12-03 00:03:37.453,91032.4,91032.5,91034.4,91034.6,2.0,-2.1
2025-12-03 00:03:38.153,91015.8,91015.9,91018.8,91018.9,3.0,-3.0
2025-12-03 00:03:38.929,91017.7,91017.8,91013.8,91013.9,-3.9,3.9
2025-12-03 00:03:39.696,91016.7,91016.8,91013.8,91013.9,-2.9,2.9
2025-12-03 00:03:40.439,90991.4,90991.5,90989.6,90995.8,-1.8,-4.3
2025-12-03 00:03:41.088,90976.1,90976.2,90970.8,90986.3,-5.3,-10.1
2025-12-03 00:03:41.848,90996.6,90996.7,90974.6,90976.3,-22.0,20.4
2025-12-03 00:03:42.542,90996.6,90996.7,90991.2,90991.4,-5.4,5.3
2025-12-03 00:03:43.296,90996.6,90996.7,90985.5,90988.1,-11.1,8.6
2025-12-03 00:03:44.063,90996.6,90996.7,90983.1,90986.3,-13.5,10.4
2025-12-03 00:03:44.851,90987,90987.1,90978.6,90979.5,-8.4,7.6
2025-12-03 00:03:45.607,90987,90987.1,90984.1,90984.2,-2.9,2.9
2025-12-03 00:03:46.395,90987,90987.1,90980.7,90984.2,-6.3,2.9
2025-12-03 00:03:47.102,90983.8,90983.9,90973.6,90976.4,-10.2,7.5
2025-12-03 00:03:47.903,90983.8,90983.9,90976.6,90977.6,-7.2,6.3
2025-12-03 00:03:48.661,90983.8,90983.9,90979.2,90980.9,-4.6,3.0
2025-12-03 00:03:49.416,90986.4,90986.5,90979.2,90982.6,-7.2,3.9
2025-12-03 00:03:50.202,90995.4,90995.5,90978.9,90983.6,-16.5,11.9
2025-12-03 00:03:50.972,90995.4,90995.5,90993.3,90993.4,-2.1,2.1
2025-12-03 00:03:51.737,90985.3,90985.4,90982.7,90983.0,-2.6,2.4
2025-12-03 00:03:52.483,90973.3,90973.6,90972.2,90973.0,-1.1,0.6
2025-12-03 00:03:53.233,90966.7,90966.8,90961.2,90964.9,-5.5,1.9
2025-12-03 00:03:53.949,90965.8,90965.9,90964.7,90965.8,-1.1,0.1
2025-12-03 00:03:54.679,90965.8,90965.9,90955.0,90956.8,-10.8,9.1
2025-12-03 00:03:55.413,90965.8,90965.9,90959.0,90959.1,-6.8,6.8
2025-12-03 00:03:56.147,90965.8,90965.9,90964.5,90967.6,-1.3,-1.7
2025-12-03 00:03:56.957,90968.7,90968.8,90971.3,90971.4,2.6,-2.6
2025-12-03 00:03:57.705,90964.5,90964.6,90958.1,90958.6,-6.4,6.0
2025-12-03 00:03:58.491,90964.8,90964.9,90957.7,90961.5,-7.1,3.4
2025-12-03 00:03:59.208,90976.3,90976.4,90961.3,90962.4,-15.0,14.0
2025-12-03 00:03:59.951,90973.9,90974.7,90971.4,90973.1,-2.5,1.6
2025-12-03 00:04:00.734,90973.9,90974,90964.4,90968.5,-9.5,5.5
2025-12-03 00:04:01.452,90973.9,90974,90970.2,90972.3,-3.7,1.7
2025-12-03 00:04:02.251,90973.9,90974,90968.8,90970.7,-5.1,3.3
2025-12-03 00:04:02.979,90993.8,90993.9,90977.0,90977.1,-16.8,16.8
2025-12-03 00:04:03.710,90992.9,90993,90993.4,90993.5,0.5,-0.5
2025-12-03 00:04:04.468,90988.2,90988.3,90986.5,90986.6,-1.7,1.7
2025-12-03 00:04:05.239,90988.2,90988.3,90983.4,90986.8,-4.8,1.5
2025-12-03 00:04:05.981,90988.2,90988.3,90985.1,90986.2,-3.1,2.1
2025-12-03 00:04:06.755,90988.2,90988.3,90986.0,90988.1,-2.2,0.2
2025-12-03 00:04:07.568,90994.7,90994.8,90987.1,90990.5,-7.6,4.3
2025-12-03 00:04:08.328,90996.9,90997,90999.7,90999.8,2.8,-2.8
2025-12-03 00:04:09.090,90996,90996.1,90993.1,90993.3,-2.9,2.8
2025-12-03 00:04:09.835,90998.9,90999,90989.0,90994.6,-9.9,4.4
2025-12-03 00:04:10.553,91000.4,91000.5,90996.1,91001.3,-4.3,-0.8
2025-12-03 00:04:11.315,90996.6,90996.7,90980.3,90984.4,-16.3,12.3
2025-12-03 00:04:12.039,90996.6,90996.7,90981.3,90981.5,-15.3,15.2
2025-12-03 00:04:12.979,90996.6,90996.7,90983.8,90983.9,-12.8,12.8
2025-12-03 00:04:13.735,90992.2,90992.3,90978.8,90978.9,-13.4,13.4
2025-12-03 00:04:14.436,90991.6,90991.7,90991.2,90991.8,-0.4,-0.1
2025-12-03 00:04:15.193,90991.6,90991.7,90981.1,90982.1,-10.5,9.6
2025-12-03 00:04:15.939,90991.6,90991.7,90980.7,90982.4,-10.9,9.3
2025-12-03 00:04:16.717,90991.6,90991.7,90992.9,90993.6,1.3,-1.9
2025-12-03 00:04:17.467,90998.8,90998.9,90992.9,90995.2,-5.9,3.7
2025-12-03 00:04:18.287,91000.4,91000.5,90997.5,90997.6,-2.9,2.9
2025-12-03 00:04:19.046,91008.2,91008.3,91004.6,91004.8,-3.6,3.5
2025-12-03 00:04:19.907,91008.2,91008.3,91002.2,91003.8,-6.0,4.5
2025-12-03 00:04:20.672,91010.3,91010.4,91000.0,91000.1,-10.3,10.3
2025-12-03 00:04:21.434,91012.3,91012.4,91004.5,91004.6,-7.8,7.8
2025-12-03 00:04:22.177,91010.2,91010.3,91004.7,91004.8,-5.5,5.5
2025-12-03 00:04:23.025,91010.2,91010.3,91005.3,91008.2,-4.9,2.1
2025-12-03 00:04:23.846,91036.9,91042.3,91000.9,91003.2,-36.0,39.1
2025-12-03 00:04:24.643,91056.8,91056.9,91030.6,91049.9,-26.2,7.0
2025-12-03 00:04:25.415,91059.2,91059.3,91049.8,91050.3,-9.4,9.0
2025-12-03 00:04:26.204,91070.4,91071.3,91057.0,91057.2,-13.4,14.1
2025-12-03 00:04:26.954,91071.2,91071.3,91067.3,91070.4,-3.9,0.9
2025-12-03 00:04:27.682,91068.6,91068.7,91056.1,91057.5,-12.5,11.2
2025-12-03 00:04:28.477,91075.2,91075.3,91056.1,91059.0,-19.1,16.3
2025-12-03 00:04:29.240,91075.2,91075.3,91066.5,91070.6,-8.7,4.7
2025-12-03 00:04:29.958,91085.7,91085.8,91061.0,91063.7,-24.7,22.1
2025-12-03 00:04:30.742,91087.2,91087.3,91082.2,91085.5,-5.0,1.8
2025-12-03 00:04:31.518,91082.5,91082.6,91078.5,91081.1,-4.0,1.5
2025-12-03 00:04:32.287,91087.2,91087.3,91083.2,91083.3,-4.0,4.0
2025-12-03 00:04:33.123,91087.2,91087.3,91088.0,91088.1,0.8,-0.8
2025-12-03 00:04:33.895,91046.3,91046.9,91072.9,91080.0,26.6,-33.1
2025-12-03 00:04:34.605,91046.3,91046.4,91041.6,91044.4,-4.7,2.0
2025-12-03 00:04:35.416,91046.3,91046.4,91041.0,91042.0,-5.3,4.4
2025-12-03 00:04:36.252,91041.6,91041.7,91040.8,91040.9,-0.8,0.8
2025-12-03 00:04:36.926,91038.3,91038.4,91029.7,91030.4,-8.6,8.0
2025-12-03 00:04:37.602,91038.3,91038.4,91032.7,91032.8,-5.6,5.6
2025-12-03 00:04:38.342,91021.1,91021.2,91026.2,91026.3,5.1,-5.1
2025-12-03 00:04:39.101,91021.1,91021.2,91013.1,91013.2,-8.0,8.0
2025-12-03 00:04:39.840,91018.5,91018.6,91011.3,91017.3,-7.2,1.3
2025-12-03 00:04:40.552,91010.2,91010.3,91008.2,91011.4,-2.0,-1.1
2025-12-03 00:04:41.293,91009,91009.1,90995.4,91000.1,-13.6,9.0
2025-12-03 00:04:42.047,91009,91009.1,90997.6,91001.0,-11.4,8.1
2025-12-03 00:04:42.722,90992.3,90992.4,90998.6,91002.5,6.3,-10.1
2025-12-03 00:04:43.467,90992.3,90992.4,90988.2,90988.3,-4.1,4.1
2025-12-03 00:04:44.236,90992.3,90992.4,90984.2,90988.2,-8.1,4.2
2025-12-03 00:04:45.020,91007.2,91007.3,90986.2,90989.9,-21.0,17.4
2025-12-03 00:04:45.714,91007.2,91007.3,91003.2,91007.1,-4.0,0.2
2025-12-03 00:04:46.450,91007.2,91007.3,91001.6,91001.7,-5.6,5.6
2025-12-03 00:04:47.194,91000.8,91000.9,91001.0,91003.6,0.2,-2.7
2025-12-03 00:04:47.939,91000.8,91000.9,90998.5,91001.0,-2.3,-0.1
2025-12-03 00:04:48.689,91000.8,91000.9,91001.8,91001.9,1.0,-1.0
2025-12-03 00:04:49.462,91034.5,91034.6,91003.2,91003.3,-31.3,31.3
2025-12-03 00:04:50.254,91038.3,91038.4,91038.3,91039.8,0.0,-1.4
2025-12-03 00:04:50.990,91043.8,91045.2,91038.1,91039.7,-5.7,5.5
2025-12-03 00:04:51.785,91056.1,91056.2,91051.1,91051.2,-5.0,5.0
2025-12-03 00:04:52.522,91055.7,91055.8,91045.8,91047.9,-9.9,7.9
2025-12-03 00:04:53.324,91055.7,91055.8,91048.2,91052.8,-7.5,3.0
2025-12-03 00:04:54.068,91054.3,91054.4,91047.3,91049.2,-7.0,5.2
2025-12-03 00:04:54.823,91048.4,91048.5,91046.7,91048.8,-1.7,-0.3
2025-12-03 00:04:55.555,91070.4,91073.1,91046.1,91047.7,-24.3,25.4
2025-12-03 00:04:56.320,91087.1,91087.2,91059.4,91061.9,-27.7,25.3
2025-12-03 00:04:57.097,91068.9,91069.2,91075.7,91086.3,6.8,-17.1
2025-12-03 00:04:57.836,91068.9,91069,91067.8,91068.6,-1.1,0.4
2025-12-03 00:04:58.633,91068.4,91068.5,91061.8,91061.9,-6.6,6.6
2025-12-03 00:04:59.341,91067.3,91067.4,91064.1,91064.2,-3.2,3.2
2025-12-03 00:05:00.069,91067.7,91081.1,91059.0,91061.3,-8.7,19.8
2025-12-03 00:05:00.824,91073.3,91073.4,91074.8,91074.9,1.5,-1.5
2025-12-03 00:05:01.569,91093.1,91093.2,91071.9,91077.4,-21.2,15.8
2025-12-03 00:05:02.315,91084.7,91084.8,91092.6,91096.3,7.9,-11.5
2025-12-03 00:05:03.063,91073.3,91073.4,91072.9,91076.6,-0.4,-3.2
2025-12-03 00:05:03.904,91068.1,91073.4,91064.6,91065.7,-3.5,7.7
2025-12-03 00:05:04.705,91063,91063.1,91052.4,91053.4,-10.6,9.7
2025-12-03 00:05:05.778,91074.2,91074.3,91057.8,91061.8,-16.4,12.5
2025-12-03 00:05:06.536,91082.7,91082.8,91078.0,91078.1,-4.7,4.7
2025-12-03 00:05:07.258,91091.9,91092,91082.5,91082.6,-9.4,9.4
2025-12-03 00:05:07.990,91085.3,91085.4,91092.8,91092.9,7.5,-7.5
2025-12-03 00:05:08.792,91085.3,91085.4,91081.7,91081.8,-3.6,3.6
2025-12-03 00:05:09.626,91085.3,91085.4,91090.1,91091.6,4.8,-6.2
2025-12-03 00:05:10.371,91085.3,91085.4,91085.5,91088.9,0.2,-3.5
2025-12-03 00:05:11.059,91099.9,91100,91082.8,91085.5,-17.1,14.5
2025-12-03 00:05:11.780,91099.9,91100,91095.5,91095.6,-4.4,4.4
2025-12-03 00:05:12.486,91099.9,91100,91096.1,91099.8,-3.8,0.2
2025-12-03 00:05:13.239,91120.8,91120.9,91100.1,91100.2,-20.7,20.7
2025-12-03 00:05:14.012,91137.5,91138.9,91127.8,91127.9,-9.7,11.0
2025-12-03 00:05:14.759,91117.3,91117.4,91136.4,91139.6,19.1,-22.2
2025-12-03 00:05:15.500,91115.4,91115.5,91113.5,91113.6,-1.9,1.9
2025-12-03 00:05:16.229,91093.7,91093.8,91103.3,91103.4,9.6,-9.6
2025-12-03 00:05:16.991,91093.7,91093.8,91087.9,91088.5,-5.8,5.3
2025-12-03 00:05:17.726,91112,91112.1,91094.5,91094.6,-17.5,17.5
2025-12-03 00:05:18.480,91108.2,91108.3,91114.1,91114.2,5.9,-5.9
2025-12-03 00:05:19.250,91108,91108.1,91103.5,91103.6,-4.5,4.5
2025-12-03 00:05:19.987,91105.5,91105.6,91098.0,91099.1,-7.5,6.5
2025-12-03 00:05:20.738,91105.5,91105.6,91106.6,91109.7,1.1,-4.1
2025-12-03 00:05:21.525,91108.7,91108.8,91098.4,91103.0,-10.3,5.8
2025-12-03 00:05:22.284,91122.4,91122.5,91111.0,91111.5,-11.4,11.0
2025-12-03 00:05:23.095,91133.6,91133.7,91125.6,91126.7,-8.0,7.0
2025-12-03 00:05:23.864,91125.1,91125.2,91131.9,91134.7,6.8,-9.5
2025-12-03 00:05:24.599,91131.8,91131.9,91123.3,91126.2,-8.5,5.7
2025-12-03 00:05:25.337,91135.9,91136,91134.2,91134.5,-1.7,1.5
2025-12-03 00:05:26.054,91136.2,91136.3,91129.7,91132.3,-6.5,4.0
2025-12-03 00:05:26.775,91149.9,91150,91140.9,91149.6,-9.0,0.4
2025-12-03 00:05:27.586,91131.9,91132.3,91153.0,91153.1,21.1,-20.8
2025-12-03 00:05:28.352,91144.8,91144.9,91128.3,91130.7,-16.5,14.2
2025-12-03 00:05:29.098,91144.8,91144.9,91142.0,91145.3,-2.8,-0.4
2025-12-03 00:05:29.940,91143.8,91143.9,91141.2,91141.3,-2.6,2.6
2025-12-03 00:05:30.729,91141.6,91141.7,91135.2,91135.8,-6.4,5.9
2025-12-03 00:05:31.501,91138.5,91138.6,91135.9,91136.0,-2.6,2.6
2025-12-03 00:05:32.286,91147.4,91147.5,91143.9,91147.0,-3.5,0.5
2025-12-03 00:05:33.019,91149.9,91150,91148.3,91148.8,-1.6,1.2
2025-12-03 00:05:33.792,91140.9,91141,91144.0,91147.6,3.1,-6.6
2025-12-03 00:05:34.554,91140.9,91141,91137.0,91137.1,-3.9,3.9
2025-12-03 00:05:35.274,91140.9,91141,91138.3,91138.4,-2.6,2.6
2025-12-03 00:05:35.975,91137,91137.1,91140.5,91143.4,3.5,-6.3
2025-12-03 00:05:36.731,91113.3,91113.4,91130.1,91130.2,16.8,-16.8
2025-12-03 00:05:37.524,91093.2,91093.3,91105.3,91105.4,12.1,-12.1
2025-12-03 00:05:38.240,91105,91105.1,91093.5,91094.4,-11.5,10.7
2025-12-03 00:05:38.978,91093.4,91093.5,91101.7,91106.6,8.3,-13.1
2025-12-03 00:05:40.782,91120.2,91120.3,91098.5,91098.6,-21.7,21.7
2025-12-03 00:05:41.501,91120.2,91120.3,91126.0,91126.1,5.8,-5.8
2025-12-03 00:05:42.245,91113.3,91113.4,91116.2,91116.3,2.9,-2.9
2025-12-03 00:05:42.970,91113.3,91113.4,91112.4,91115.2,-0.9,-1.8
2025-12-03 00:05:43.699,91113.3,91113.4,91117.7,91120.6,4.4,-7.2
2025-12-03 00:05:44.449,91121,91121.1,91120.6,91120.7,-0.4,0.4
2025-12-03 00:05:45.201,91102.5,91102.6,91124.1,91125.5,21.6,-22.9
2025-12-03 00:05:45.903,91102.5,91102.6,91109.6,91109.7,7.1,-7.1
2025-12-03 00:05:46.655,91076.9,91077,91109.6,91109.7,32.7,-32.7
2025-12-03 00:05:47.434,91076.9,91077,91073.8,91073.9,-3.1,3.1
2025-12-03 00:05:48.134,91061.8,91061.9,91067.8,91071.2,6.0,-9.3
2025-12-03 00:05:48.887,91062.4,91062.5,91064.4,91064.5,2.0,-2.0
2025-12-03 00:05:49.698,91060.9,91061,91068.6,91068.7,7.7,-7.7
2025-12-03 00:05:50.501,91076.1,91076.2,91065.6,91067.7,-10.5,8.5
2025-12-03 00:05:51.316,91075.1,91075.2,91078.1,91082.2,3.0,-7.0
2025-12-03 00:05:52.169,91075.1,91075.2,91075.7,91080.1,0.6,-4.9
2025-12-03 00:05:52.969,91102.6,91102.7,91082.0,91082.1,-20.6,20.6
2025-12-03 00:05:53.992,91089.4,91089.5,91091.3,91099.8,1.9,-10.3
2025-12-03 00:05:54.753,91103.2,91103.3,91101.6,91104.1,-1.6,-0.8
2025-12-03 00:05:55.499,91100.6,91100.7,91103.9,91104.0,3.3,-3.3
2025-12-03 00:05:56.233,91100.6,91100.7,91097.4,91098.1,-3.2,2.6
2025-12-03 00:05:57.034,91091.2,91091.3,91097.4,91097.5,6.2,-6.2
2025-12-03 00:05:57.808,91076.8,91076.9,91087.5,91087.7,10.7,-10.8
2025-12-03 00:05:58.499,91076,91076.1,91077.9,91078.0,1.9,-1.9
2025-12-03 00:05:59.253,91059,91059.1,91072.7,91072.8,13.7,-13.7
2025-12-03 00:06:00.058,91057,91057.1,91051.0,91060.0,-6.0,-2.9
2025-12-03 00:06:00.802,91050,91051.7,91053.9,91054.0,3.9,-2.3
2025-12-03 00:06:01.535,91046.7,91046.8,91047.2,91047.3,0.5,-0.5
2025-12-03 00:06:02.217,91046.7,91046.8,91043.2,91043.3,-3.5,3.5
2025-12-03 00:06:02.995,91063.2,91063.3,91043.2,91043.3,-20.0,20.0
2025-12-03 00:06:03.751,91063.2,91063.3,91062.2,91064.0,-1.0,-0.7
2025-12-03 00:06:04.487,91046.7,91046.8,91062.0,91064.9,15.3,-18.1
2025-12-03 00:06:05.252,91027.3,91029.1,91054.8,91054.9,27.5,-25.8
2025-12-03 00:06:06.021,91004.4,91005.8,91019.6,91020.1,15.2,-14.3
2025-12-03 00:06:07.077,90994.3,90994.4,91000.4,91006.8,6.1,-12.4
2025-12-03 00:06:07.787,90990.7,90990.8,91000.0,91000.1,9.3,-9.3
2025-12-03 00:06:08.528,90985.8,90985.9,90989.9,90990.8,4.1,-4.9
2025-12-03 00:06:09.324,90985.8,90985.9,90994.1,90994.2,8.3,-8.3
2025-12-03 00:06:10.070,90985.8,90985.9,90979.6,90982.0,-6.2,3.9
2025-12-03 00:06:10.824,90985.8,90985.9,90984.5,90984.6,-1.3,1.3
2025-12-03 00:06:11.508,90985.8,90985.9,90983.7,90984.1,-2.1,1.8
2025-12-03 00:06:13.274,90977.6,90977.7,90993.4,90993.5,15.8,-15.8
2025-12-03 00:06:14.028,90968.3,90968.4,90973.2,90983.2,4.9,-14.8
2025-12-03 00:06:14.781,90985.8,90985.9,90967.6,90967.7,-18.2,18.2
2025-12-03 00:06:15.544,91010.6,91010.7,90993.0,90993.1,-17.6,17.6
2025-12-03 00:06:16.314,91005.5,91005.7,91012.1,91013.1,6.6,-7.4
2025-12-03 00:06:17.084,90963.6,90966.2,91001.4,91001.5,37.8,-35.3
2025-12-03 00:06:17.838,90937.7,90937.9,90987.0,90987.1,49.3,-49.2
2025-12-03 00:06:18.571,90926,90926.1,90938.5,90949.3,12.5,-23.2
2025-12-03 00:06:19.251,90910,90910.1,90914.4,90922.3,4.4,-12.2
2025-12-03 00:06:19.965,90910,90910.1,90909.7,90909.8,-0.3,0.3
2025-12-03 00:06:20.681,90910,90910.1,90908.3,90909.7,-1.7,0.4
2025-12-03 00:06:21.461,90944.3,90946.4,90908.6,90913.4,-35.7,33.0
2025-12-03 00:06:22.224,90961.5,90962.4,90944.8,90952.2,-16.7,10.2
2025-12-03 00:06:22.934,90967.1,90967.2,90967.1,90968.0,0.0,-0.8
2025-12-03 00:06:23.607,90964.8,90964.9,90963.5,90964.9,-1.3,0.0
2025-12-03 00:06:24.305,90961,90961.1,90963.5,90963.6,2.5,-2.5
2025-12-03 00:06:29.502,90961,90961.1,90963.5,90963.6,2.5,-2.5
2025-12-03 00:06:30.266,90920.8,90920.9,90953.6,90953.8,32.8,-32.9
2025-12-03 00:06:30.960,90927.2,90927.3,90921.4,90924.0,-5.8,3.3
2025-12-03 00:06:32.709,90954.5,90954.6,90930.9,90934.4,-23.6,20.2
2025-12-03 00:06:33.407,90953.1,90953.2,90959.9,90962.2,6.8,-9.0
2025-12-03 00:06:34.138,90953.1,90953.2,90956.3,90956.4,3.2,-3.2
2025-12-03 00:06:34.858,90963.7,90963.8,90962.1,90970.6,-1.6,-6.8
2025-12-03 00:06:35.588,90963.7,90963.8,90968.2,90968.3,4.5,-4.5
2025-12-03 00:06:36.416,90963.8,90963.9,90970.9,90971.0,7.1,-7.1
2025-12-03 00:06:37.188,90953.4,90953.5,90955.0,90961.4,1.6,-7.9
2025-12-03 00:06:37.940,90955.4,90955.5,90957.3,90960.7,1.9,-5.2
2025-12-03 00:06:38.704,90959,90959.1,90954.8,90955.1,-4.2,4.0
2025-12-03 00:06:39.416,90954.8,90954.9,90955.5,90956.7,0.7,-1.8
2025-12-03 00:06:40.149,90975.7,90975.8,90963.1,90963.2,-12.6,12.6
2025-12-03 00:06:40.867,90974.4,90974.5,90980.4,90980.5,6.0,-6.0
2025-12-03 00:06:41.592,90974.4,90974.5,90971.3,90975.3,-3.1,-0.8
2025-12-03 00:06:42.350,90974.4,90974.5,90972.9,90975.1,-1.5,-0.6
2025-12-03 00:06:43.091,90974.4,90974.5,90969.7,90972.8,-4.7,1.7
2025-12-03 00:06:43.843,90964.4,90964.5,90967.5,90967.6,3.1,-3.1
2025-12-03 00:06:45.591,90932.3,90932.4,90968.1,90968.2,35.8,-35.8
2025-12-03 00:06:46.354,90926.8,90926.9,90926.7,90927.1,-0.1,-0.2
2025-12-03 00:06:47.049,90935.2,90935.3,90927.0,90928.0,-8.2,7.3
2025-12-03 00:06:47.784,90933.6,90933.7,90933.8,90933.9,0.2,-0.2
2025-12-03 00:06:48.526,90929.6,90929.7,90926.0,90929.2,-3.6,0.5
2025-12-03 00:06:49.226,90924,90924.1,90925.1,90925.3,1.1,-1.2
2025-12-03 00:06:50.037,90921.8,90921.9,90922.4,90925.3,0.6,-3.4
2025-12-03 00:06:50.768,90924,90924.1,90920.3,90922.2,-3.7,1.9
2025-12-03 00:06:54.525,90912.6,90912.7,90923.7,90927.9,11.1,-15.2
2025-12-03 00:06:55.275,90900,90900.1,90927.6,90928.0,27.6,-27.9
2025-12-03 00:06:56.007,90900,90900.1,90888.5,90891.9,-11.5,8.2
2025-12-03 00:06:56.707,90911.7,90911.8,90906.7,90907.3,-5.0,4.5
2025-12-03 00:06:57.443,90911.7,90911.8,90912.5,90915.8,0.8,-4.0
2025-12-03 00:06:58.137,90912,90912.1,90906.9,90909.8,-5.1,2.3
2025-12-03 00:06:58.868,90915,90915.1,90919.1,90920.6,4.1,-5.5
2025-12-03 00:06:59.587,90915.1,90915.2,90917.2,90918.8,2.1,-3.6
2025-12-03 00:07:00.311,90917.9,90918,90918.3,90921.4,0.4,-3.4
2025-12-03 00:07:01.060,90915.1,90915.2,90917.3,90917.4,2.2,-2.2
2025-12-03 00:07:01.769,90915.1,90915.2,90914.3,90916.8,-0.8,-1.6
2025-12-03 00:07:02.486,90900,90900.1,90906.8,90906.9,6.8,-6.8
2025-12-03 00:07:03.236,90900,90900.1,90899.8,90899.9,-0.2,0.2
2025-12-03 00:07:03.980,90904.4,90908.3,90899.7,90899.8,-4.7,8.5
2025-12-03 00:07:04.762,90914.6,90914.7,90900.1,90909.6,-14.5,5.1
2025-12-03 00:07:05.539,90924.8,90924.9,90920.2,90920.8,-4.6,4.1
2025-12-03 00:07:06.319,90921.5,90921.6,90919.4,90921.2,-2.1,0.4
2025-12-03 00:07:07.058,90900,90900.1,90923.8,90925.6,23.8,-25.5
2025-12-03 00:07:07.824,90900,90900.8,90891.7,90895.2,-8.3,5.6
2025-12-03 00:07:08.564,90900,90900.1,90890.8,90893.8,-9.2,6.3
2025-12-03 00:07:09.283,90900,90900.1,90893.7,90893.8,-6.3,6.3
2025-12-03 00:07:09.974,90900,90900.1,90891.5,90891.7,-8.5,8.4
2025-12-03 00:07:10.677,90900,90900.1,90897.6,90897.7,-2.4,2.4
2025-12-03 00:07:11.574,90900,90900.1,90900.4,90900.5,0.4,-0.4
2025-12-03 00:07:14.278,90900,90900.1,90898.4,90898.5,-1.6,1.6
2025-12-03 00:07:17.241,90900,90900.1,90899.5,90902.4,-0.5,-2.3
2025-12-03 00:07:18.000,90900,90900.1,90897.0,90901.6,-3.0,-1.5
2025-12-03 00:07:18.683,90900,90900.1,90886.0,90886.1,-14.0,14.0
2025-12-03 00:07:19.396,90900,90900.1,90884.0,90884.1,-16.0,16.0
2025-12-03 00:07:20.156,90900,90900.1,90891.4,90891.5,-8.6,8.6
2025-12-03 00:07:20.921,90880.7,90880.8,90874.5,90874.6,-6.2,6.2
2025-12-03 00:07:21.617,90885.3,90885.4,90874.2,90875.8,-11.1,9.6
2025-12-03 00:07:22.336,90876.3,90876.4,90880.0,90882.1,3.7,-5.7
2025-12-03 00:07:24.111,90876.3,90876.4,90873.9,90874.0,-2.4,2.4
2025-12-03 00:07:24.853,90876.3,90876.4,90867.0,90868.7,-9.3,7.7
2025-12-03 00:07:25.592,90889.2,90889.3,90866.8,90866.9,-22.4,22.4
2025-12-03 00:07:26.366,90910.2,90913,90881.7,90881.8,-28.5,31.2
2025-12-03 00:07:27.068,90908.7,90908.8,90900.4,90914.7,-8.3,-5.9
2025-12-03 00:07:27.851,90898.7,90900.1,90903.4,90906.7,4.7,-6.6
2025-12-03 00:07:28.609,90876.3,90876.4,90886.1,90888.1,9.8,-11.7
2025-12-03 00:07:30.366,90877.3,90877.4,90862.8,90867.3,-14.5,10.1
2025-12-03 00:07:31.097,90879.3,90879.4,90868.7,90868.8,-10.6,10.6
2025-12-03 00:07:31.825,90877.6,90877.7,90875.0,90877.2,-2.6,0.5
2025-12-03 00:07:32.592,90877.6,90877.7,90864.4,90865.0,-13.2,12.7
2025-12-03 00:07:33.295,90864.9,90865,90857.5,90862.5,-7.4,2.5
2025-12-03 00:07:34.025,90882.2,90882.3,90862.2,90862.3,-20.0,20.0
2025-12-03 00:07:34.759,90882.2,90882.3,90876.1,90877.0,-6.1,5.3
2025-12-03 00:07:35.495,90888.4,90890.4,90880.7,90881.3,-7.7,9.1
2025-12-03 00:07:36.290,90895.7,90895.8,90891.7,90896.3,-4.0,-0.5
2025-12-03 00:07:37.044,90895.7,90895.8,90893.8,90894.6,-1.9,1.2
2025-12-03 00:07:38.832,90940,90940.1,90896.9,90900.4,-43.1,39.7
2025-12-03 00:07:39.587,90940,90940.1,90933.4,90934.9,-6.6,5.2
2025-12-03 00:07:40.261,90932.2,90932.3,90927.0,90927.8,-5.2,4.5
2025-12-03 00:07:42.057,90943.7,90943.8,90920.7,90920.8,-23.0,23.0
2025-12-03 00:07:42.808,90953.3,90953.4,90940.3,90943.5,-13.0,9.9
2025-12-03 00:07:43.517,90954.9,90955,90952.5,90956.1,-2.4,-1.1
2025-12-03 00:07:44.236,90942,90942.1,90950.1,90952.6,8.1,-10.5
2025-12-03 00:07:44.965,90942.1,90942.2,90938.1,90938.2,-4.0,4.0
2025-12-03 00:07:45.646,90953.7,90953.8,90940.0,90942.9,-13.7,10.9
2025-12-03 00:07:46.413,90953.8,90953.9,90950.8,90954.8,-3.0,-0.9
2025-12-03 00:07:47.157,90839.6,90850.2,90952.8,90954.8,113.2,-104.6
2025-12-03 00:07:47.921,90868.7,90868.8,90862.2,90882.6,-6.5,-13.8
2025-12-03 00:07:48.591,90868.7,90868.8,90862.2,90870.4,-6.5,-1.6
2025-12-03 00:07:49.321,90868.7,90868.8,90872.5,90872.9,3.8,-4.1
2025-12-03 00:07:50.129,90884.6,90888.2,90869.5,90869.6,-15.1,18.6
2025-12-03 00:07:50.854,90887.2,90887.3,90887.6,90890.6,0.4,-3.3
2025-12-03 00:07:51.616,90891.6,90891.7,90890.5,90890.6,-1.1,1.1
2025-12-03 00:07:52.445,90899.7,90899.8,90890.5,90894.0,-9.2,5.8
2025-12-03 00:07:53.265,90899.7,90899.8,90895.8,90898.5,-3.9,1.3
2025-12-03 00:07:54.081,90899.7,90899.8,90898.1,90898.2,-1.6,1.6
2025-12-03 00:07:54.796,90905.5,90905.6,90900.1,90901.3,-5.4,4.3
2025-12-03 00:07:55.511,90911.6,90912.9,90903.5,90904.9,-8.1,8.0
2025-12-03 00:07:56.291,90912.1,90912.2,90910.6,90918.4,-1.5,-6.2
2025-12-03 00:07:57.038,90910.1,90910.2,90908.8,90909.2,-1.3,1.0
2025-12-03 00:07:57.735,90910.1,90910.2,90905.8,90909.0,-4.3,1.2
2025-12-03 00:07:58.435,90910.1,90910.2,90910.1,90911.0,0.0,-0.8
2025-12-03 00:07:59.178,90910.1,90910.2,90906.8,90907.4,-3.3,2.8
2025-12-03 00:07:59.896,90910.1,90910.2,90910.8,90911.0,0.7,-0.8
2025-12-03 00:08:00.576,90910.1,90910.2,90907.7,90912.6,-2.4,-2.4
2025-12-03 00:08:01.360,90913,90913.1,90907.9,90911.4,-5.1,1.7
2025-12-03 00:08:02.107,90920.6,90920.7,90915.9,90921.4,-4.7,-0.7
2025-12-03 00:08:02.882,90917.7,90917.8,90922.5,90922.7,4.8,-4.9
2025-12-03 00:08:03.746,90926.4,90929.8,90907.5,90907.6,-18.9,22.2
2025-12-03 00:08:04.467,90939.6,90940.2,90926.6,90932.8,-13.0,7.4
2025-12-03 00:08:05.234,90960,90960.1,90939.2,90946.5,-20.8,13.6
2025-12-03 00:08:05.976,90967.7,90971.4,90959.5,90964.1,-8.2,7.3
2025-12-03 00:08:06.971,90977,90977.1,90971.8,90976.2,-5.2,0.9
2025-12-03 00:08:07.691,90983.6,90983.7,90978.9,90990.1,-4.7,-6.4
2025-12-03 00:08:08.471,90983.6,90983.7,90985.4,90988.0,1.8,-4.3
2025-12-03 00:08:09.187,90975.6,90976.7,90982.6,90982.7,7.0,-6.0
2025-12-03 00:08:09.901,90983.1,90983.2,90975.1,90978.9,-8.0,4.3
2025-12-03 00:08:10.669,90983.1,90983.2,90988.7,90988.8,5.6,-5.6
2025-12-03 00:08:11.447,90983.6,90983.7,90984.5,90984.6,0.9,-0.9
2025-12-03 00:08:12.209,90983.6,90983.7,90985.1,90985.2,1.5,-1.5
2025-12-03 00:08:13.004,90970.6,90970.7,90976.3,90976.4,5.7,-5.7
2025-12-03 00:08:14.886,90953.7,90953.8,90971.1,90971.9,17.4,-18.1
2025-12-03 00:08:15.704,90932.3,90932.4,90948.8,90950.7,16.5,-18.3
2025-12-03 00:08:16.472,90931.7,90931.8,90920.9,90931.3,-10.8,0.5
2025-12-03 00:08:17.223,90943.1,90943.2,90929.7,90933.6,-13.4,9.6
2025-12-03 00:08:17.882,90948.7,90948.8,90948.8,90949.8,0.1,-1.0
2025-12-03 00:08:18.705,90953.7,90953.8,90954.4,90954.6,0.7,-0.8
2025-12-03 00:08:19.397,90954.6,90954.7,90962.0,90962.1,7.4,-7.4
2025-12-03 00:08:20.139,90972.4,90972.6,90963.4,90963.5,-9.0,9.1
2025-12-03 00:08:20.845,90980.7,90980.8,90981.0,90981.2,0.3,-0.4
2025-12-03 00:08:21.586,90983.6,90983.7,90984.5,90989.1,0.9,-5.4
2025-12-03 00:08:22.305,90983.6,90983.7,90980.5,90980.6,-3.1,3.1
2025-12-03 00:08:23.041,90971,90971.1,90980.5,90980.6,9.5,-9.5
2025-12-03 00:08:23.743,90971.8,90981.6,90968.1,90969.6,-3.7,12.0
2025-12-03 00:08:24.404,90998.9,91000,90981.4,90987.8,-17.5,12.2
2025-12-03 00:08:25.105,90999.9,91000,90998.4,90998.5,-1.5,1.5
2025-12-03 00:08:25.796,90999.9,91000,90999.9,91000.0,0.0,0.0
2025-12-03 00:08:26.517,90999.9,91000,90999.9,91002.0,0.0,-2.0
2025-12-03 00:08:27.264,90999.9,91000,90999.1,90999.9,-0.8,0.1
2025-12-03 00:08:27.976,90999.9,91000,90989.4,90998.5,-10.5,1.5
2025-12-03 00:08:28.691,90999.9,91000,90991.7,90995.2,-8.2,4.8
2025-12-03 00:08:29.512,91013.7,91013.8,91004.5,91010.2,-9.2,3.6
2025-12-03 00:08:30.125,91013.7,91013.8,91012.4,91013.6,-1.3,0.2
2025-12-03 00:08:30.731,91012.5,91012.6,91009.6,91012.0,-2.9,0.6
2025-12-03 00:08:31.374,91012.5,91012.6,91008.6,91008.7,-3.9,3.9
2025-12-03 00:08:32.068,91012.5,91012.6,91007.3,91008.1,-5.2,4.5
2025-12-03 00:08:32.660,91012.5,91012.6,91010.0,91010.1,-2.5,2.5
2025-12-03 00:08:33.311,90997.2,90998.3,91010.5,91010.6,13.3,-12.3
2025-12-03 00:08:33.927,91007.2,91007.3,90999.2,91000.2,-8.0,7.1
2025-12-03 00:08:34.514,91007.2,91007.3,91010.5,91011.2,3.3,-3.9
2025-12-03 00:08:35.316,91024.4,91025.6,91009.6,91009.7,-14.8,15.9
2025-12-03 00:08:35.936,91027.5,91027.6,91026.3,91031.8,-1.2,-4.2
2025-12-03 00:08:36.520,91029.5,91029.6,91029.1,91034.4,-0.4,-4.8
2025-12-03 00:08:37.104,91039.4,91039.5,91029.3,91032.2,-10.1,7.3
2025-12-03 00:08:37.666,91038,91038.1,91035.0,91038.5,-3.0,-0.4
2025-12-03 00:08:38.235,91038,91038.1,91034.1,91035.7,-3.9,2.4
2025-12-03 00:08:38.860,91038,91038.1,91035.1,91035.8,-2.9,2.3
2025-12-03 00:08:39.457,91037.5,91037.6,91035.9,91036.0,-1.6,1.6
2025-12-03 00:08:40.043,91037.5,91037.6,91032.9,91036.0,-4.6,1.6
2025-12-03 00:08:40.622,91037.5,91037.6,91032.5,91034.5,-5.0,3.1
2025-12-03 00:08:41.216,91037.5,91037.6,91030.5,91032.0,-7.0,5.6
2025-12-03 00:08:41.824,91042,91042.1,91035.8,91036.5,-6.2,5.6
2025-12-03 00:08:42.473,91042,91042.1,91040.7,91040.8,-1.3,1.3
2025-12-03 00:08:43.139,91041.8,91041.9,91039.3,91039.4,-2.5,2.5
2025-12-03 00:08:43.689,91041.8,91041.9,91027.1,91034.5,-14.7,7.4
2025-12-03 00:08:44.255,91041.8,91041.9,91031.6,91036.3,-10.2,5.6
2025-12-03 00:08:44.805,91034.4,91034.5,91028.1,91031.9,-6.3,2.6
2025-12-03 00:08:45.401,91034.4,91034.5,91029.6,91029.7,-4.8,4.8
2025-12-03 00:08:46.169,91041.3,91041.4,91040.1,91043.9,-1.2,-2.5
2025-12-03 00:08:46.763,91038.3,91038.4,91033.3,91036.6,-5.0,1.8
2025-12-03 00:08:47.362,91038.3,91038.4,91027.7,91031.2,-10.6,7.2
2025-12-03 00:08:47.952,91036.4,91036.5,91037.0,91039.1,0.6,-2.6
2025-12-03 00:08:48.567,91036.4,91036.5,91034.2,91034.6,-2.2,1.9
2025-12-03 00:08:49.188,91036.4,91036.5,91033.0,91033.1,-3.4,3.4
2025-12-03 00:08:49.871,91053.5,91053.7,91039.7,91039.8,-13.8,13.9
2025-12-03 00:08:50.568,91071.8,91071.9,91061.6,91066.4,-10.2,5.5
2025-12-03 00:08:51.248,91084.3,91084.4,91074.5,91075.5,-9.8,8.9
2025-12-03 00:08:51.852,91076.7,91076.8,91085.7,91088.5,9.0,-11.7
2025-12-03 00:08:52.477,91076.7,91076.8,91077.2,91077.3,0.5,-0.5
2025-12-03 00:08:53.029,91076.7,91076.8,91079.0,91080.8,2.3,-4.0
2025-12-03 00:08:53.636,91082.8,91082.9,91079.3,91080.8,-3.5,2.1
2025-12-03 00:08:54.278,91087.6,91087.7,91089.3,91089.4,1.7,-1.7
2025-12-03 00:08:54.846,91097.1,91097.2,91091.9,91092.0,-5.2,5.2
2025-12-03 00:08:55.438,91097.6,91097.7,91101.6,91104.7,4.0,-7.0
2025-12-03 00:08:56.044,91097.6,91097.7,91098.4,91099.1,0.8,-1.4
2025-12-03 00:08:56.585,91097.9,91098,91098.5,91100.6,0.6,-2.6
2025-12-03 00:08:57.180,91097.9,91098,91094.9,91095.0,-3.0,3.0
2025-12-03 00:08:57.847,91097.9,91098,91094.7,91095.0,-3.2,3.0
2025-12-03 00:08:58.544,91097.4,91097.5,91102.5,91103.2,5.1,-5.7
2025-12-03 00:08:59.183,91097.9,91098,91092.3,91092.4,-5.6,5.6
2025-12-03 00:08:59.945,91097.9,91098,91106.6,91109.4,8.7,-11.4
2025-12-03 00:09:00.523,91097.9,91098,91104.0,91108.4,6.1,-10.4
2025-12-03 00:09:01.130,91078.4,91078.5,91095.7,91096.4,17.3,-17.9
2025-12-03 00:09:01.699,91078.4,91078.5,91073.9,91074.0,-4.5,4.5
2025-12-03 00:09:02.432,91052.6,91052.8,91077.9,91078.0,25.3,-25.2
2025-12-03 00:09:03.121,91039.7,91039.8,91047.2,91055.2,7.5,-15.4
2025-12-03 00:09:03.793,91041.9,91042,91038.7,91044.7,-3.2,-2.7
2025-12-03 00:09:04.378,91036.4,91036.5,91036.2,91036.3,-0.2,0.2
2025-12-03 00:09:04.994,91036.4,91036.5,91026.7,91026.8,-9.7,9.7
2025-12-03 00:09:05.618,91026.4,91026.5,91028.2,91028.3,1.8,-1.8
2025-12-03 00:09:06.439,91010,91011,91016.8,91020.3,6.8,-9.3
2025-12-03 00:09:07.064,91008,91010.4,90990.5,90994.5,-17.5,15.9
2025-12-03 00:09:07.729,91024.6,91024.7,91008.8,91016.4,-15.8,8.3
2025-12-03 00:09:08.350,91024.6,91024.7,91025.3,91025.9,0.7,-1.2
2025-12-03 00:09:08.955,91022.2,91022.3,91023.8,91023.9,1.6,-1.6
2025-12-03 00:09:09.571,91033.3,91033.4,91020.2,91020.3,-13.1,13.1
2025-12-03 00:09:11.175,91033.3,91033.4,91035.4,91035.5,2.1,-2.1
2025-12-03 00:09:11.774,91036.6,91036.7,91035.8,91037.1,-0.8,-0.4
2025-12-03 00:09:13.398,91051,91051.1,91037.2,91037.3,-13.8,13.8
2025-12-03 00:09:14.025,91054.8,91054.9,91053.6,91054.0,-1.2,0.9
2025-12-03 00:09:14.708,91049.8,91049.9,91047.8,91052.1,-2.0,-2.2
2025-12-03 00:09:15.298,91049.8,91049.9,91039.0,91040.0,-10.8,9.9
2025-12-03 00:09:15.915,91049.8,91049.9,91039.1,91044.3,-10.7,5.6
2025-12-03 00:09:16.525,91054.1,91054.2,91050.2,91061.3,-3.9,-7.1
2025-12-03 00:09:17.178,91053.7,91053.8,91056.0,91059.9,2.3,-6.1
2025-12-03 00:09:17.780,91053.6,91053.7,91049.3,91050.8,-4.3,2.9
2025-12-03 00:09:18.402,91053.7,91053.8,91052.0,91052.8,-1.7,1.0
2025-12-03 00:09:19.001,91032.2,91032.3,91039.3,91044.7,7.1,-12.4
2025-12-03 00:09:19.625,91034,91034.1,91030.0,91035.2,-4.0,-1.1
2025-12-03 00:09:20.268,91043.2,91043.3,91034.0,91034.1,-9.2,9.2
2025-12-03 00:09:20.851,91043.2,91043.3,91042.3,91043.0,-0.9,0.3
2025-12-03 00:09:21.495,91045,91045.1,91045.1,91048.4,0.1,-3.3
2025-12-03 00:09:22.167,91045.4,91045.5,91045.5,91045.6,0.1,-0.1
2025-12-03 00:09:22.769,91051.7,91051.8,91045.6,91045.7,-6.1,6.1
2025-12-03 00:09:23.360,91040.4,91040.5,91034.0,91040.8,-6.4,-0.3
2025-12-03 00:09:23.985,91040.4,91040.5,91037.7,91040.0,-2.7,0.5
2025-12-03 00:09:24.565,91040.4,91040.5,91036.7,91036.8,-3.7,3.7
2025-12-03 00:09:25.297,91040.4,91040.5,91035.3,91036.8,-5.1,3.7
2025-12-03 00:09:25.899,91040.4,91040.5,91035.6,91040.6,-4.8,-0.1
2025-12-03 00:09:26.540,91040.4,91040.5,91042.4,91045.7,2.0,-5.2
2025-12-03 00:09:27.123,91040.4,91040.5,91041.5,91041.6,1.1,-1.1
2025-12-03 00:09:27.699,91040.4,91040.5,91037.4,91038.4,-3.0,2.1
2025-12-03 00:09:28.393,91034.4,91034.5,91031.6,91036.7,-2.8,-2.2
2025-12-03 00:09:29.068,91034.4,91034.5,91030.8,91031.3,-3.6,3.2
2025-12-03 00:09:30.731,91019.6,91019.7,91028.7,91033.7,9.1,-14.0
2025-12-03 00:09:31.453,91035.1,91035.2,91023.2,91023.3,-11.9,11.9
2025-12-03 00:09:32.095,91035.1,91035.2,91032.6,91032.7,-2.5,2.5
2025-12-03 00:09:32.730,91016.1,91017.9,91028.9,91031.0,12.8,-13.1
2025-12-03 00:09:33.376,91011.2,91011.3,91013.1,91016.3,1.9,-5.0
2025-12-03 00:09:33.946,91015.9,91016,91007.2,91013.1,-8.7,2.9
2025-12-03 00:09:34.582,91015.5,91015.6,91013.4,91013.5,-2.1,2.1
2025-12-03 00:09:35.146,91015.5,91015.6,91011.9,91013.5,-3.6,2.1
2025-12-03 00:09:35.758,91009.8,91009.9,91013.4,91013.5,3.6,-3.6
2025-12-03 00:09:36.348,91009.8,91009.9,91007.3,91007.4,-2.5,2.5
2025-12-03 00:09:36.951,91009.8,91009.9,91005.5,91008.4,-4.3,1.5
2025-12-03 00:09:37.482,91012.1,91012.2,91003.1,91008.3,-9.0,3.9
2025-12-03 00:09:38.071,91020,91020.1,91019.7,91028.0,-0.3,-7.9
2025-12-03 00:09:38.714,91009.8,91009.9,91011.3,91013.7,1.5,-3.8
2025-12-03 00:09:39.310,91009.8,91009.9,91002.2,91002.3,-7.6,7.6
2025-12-03 00:09:39.896,91009.8,91009.9,91000.8,91004.3,-9.0,5.6
2025-12-03 00:09:40.496,91009.8,91009.9,91007.0,91007.2,-2.8,2.7
2025-12-03 00:09:41.128,91009.8,91009.9,91009.9,91011.7,0.1,-1.8
2025-12-03 00:09:41.720,91018.2,91018.3,91009.9,91011.7,-8.3,6.6
2025-12-03 00:09:42.301,91019.5,91019.6,91023.3,91025.3,3.8,-5.7
2025-12-03 00:09:42.903,91022.1,91022.2,91018.9,91019.0,-3.2,3.2
2025-12-03 00:09:44.631,90975.8,90975.9,91025.6,91025.7,49.8,-49.8
2025-12-03 00:09:45.216,90975.8,90975.9,90964.1,90967.9,-11.7,8.0
2025-12-03 00:09:45.790,90975.8,90975.9,90968.3,90972.9,-7.5,3.0
2025-12-03 00:09:46.440,90966.2,90967.4,90966.8,90966.9,0.6,0.5
2025-12-03 00:09:47.011,90963.6,90963.7,90962.3,90962.4,-1.3,1.3
2025-12-03 00:09:47.627,90985.4,90985.5,90962.4,90964.0,-23.0,21.5
2025-12-03 00:09:48.215,90982.5,90982.6,90985.0,90985.1,2.5,-2.5
2025-12-03 00:09:48.810,90985.4,90985.5,90983.4,90988.7,-2.0,-3.2
2025-12-03 00:09:49.426,90982,90984.6,90978.7,90983.7,-3.3,0.9
2025-12-03 00:09:50.020,90978,90978.1,90979.7,90979.8,1.7,-1.7
2025-12-03 00:09:50.601,90978,90978.1,90978.2,90979.8,0.2,-1.7
2025-12-03 00:09:51.206,90972.3,90972.4,90972.2,90975.7,-0.1,-3.3
2025-12-03 00:09:51.856,90972.3,90972.4,90968.4,90970.0,-3.9,2.4
2025-12-03 00:09:52.493,90972.3,90972.4,90970.5,90974.9,-1.8,-2.5
2025-12-03 00:09:53.097,90972.3,90972.4,90970.7,90976.2,-1.6,-3.8
2025-12-03 00:09:53.672,90972.3,90972.4,90970.0,90973.4,-2.3,-1.0
2025-12-03 00:09:54.284,90973.7,90973.8,90975.9,90977.6,2.2,-3.8
2025-12-03 00:09:54.870,90980.4,90980.5,90978.4,90980.2,-2.0,0.3
2025-12-03 00:09:55.459,90980.3,90980.4,90983.3,90986.0,3.0,-5.6
2025-12-03 00:09:56.098,90980.1,90980.2,90982.0,90984.3,1.9,-4.1
2025-12-03 00:09:56.773,90972.5,90979.5,90978.4,90978.5,5.9,1.0
2025-12-03 00:09:57.433,90980.1,90980.2,90982.6,90984.3,2.5,-4.1
2025-12-03 00:09:58.092,90980.1,90980.2,90973.5,90977.3,-6.6,2.9
2025-12-03 00:09:58.736,90972.3,90972.4,90971.6,90972.1,-0.7,0.3
2025-12-03 00:09:59.484,90972.3,90972.4,90968.9,90971.8,-3.4,0.6
2025-12-03 00:10:00.191,90972.3,90972.4,90972.5,90972.6,0.2,-0.2
2025-12-03 00:10:00.886,90972.3,90972.4,90968.9,90971.8,-3.4,0.6
2025-12-03 00:10:01.668,90972.3,90972.4,90969.1,90971.7,-3.2,0.7
2025-12-03 00:10:02.354,90959.7,90959.8,90971.9,90975.0,12.2,-15.2
2025-12-03 00:10:03.766,90952.3,90956.4,90955.1,90957.5,2.8,-1.1
2025-12-03 00:10:04.469,90973.2,90973.3,90957.1,90957.2,-16.1,16.1
2025-12-03 00:10:05.180,90980.2,90980.3,90979.5,90979.8,-0.7,0.5
2025-12-03 00:10:05.811,90994.3,90994.4,90985.6,90985.7,-8.7,8.7
2025-12-03 00:10:06.398,90996.6,90996.7,90997.0,91003.4,0.4,-6.7
2025-12-03 00:10:07.022,90979.6,90979.7,90997.0,90998.7,17.4,-19.0
2025-12-03 00:10:07.613,90997.5,90997.6,90981.8,90982.8,-15.7,14.8
2025-12-03 00:10:08.207,91006.5,91006.6,91007.5,91012.3,1.0,-5.7
2025-12-03 00:10:08.858,91006.5,91006.6,91008.3,91008.9,1.8,-2.3
2025-12-03 00:10:09.475,90993.4,90997.2,91007.0,91007.1,13.6,-9.9
2025-12-03 00:10:10.047,91001.4,91001.5,90991.5,90996.1,-9.9,5.4
2025-12-03 00:10:10.656,90997.4,90997.5,90997.9,91000.6,0.5,-3.1
2025-12-03 00:10:11.212,91004,91004.1,90996.0,90997.0,-8.0,7.1
2025-12-03 00:10:12.804,91009.7,91009.8,91006.3,91008.8,-3.4,1.0
2025-12-03 00:10:13.458,91009.7,91009.8,91014.2,91014.3,4.5,-4.5
2025-12-03 00:10:14.062,91020.7,91020.8,91018.8,91020.4,-1.9,0.4
2025-12-03 00:10:14.642,91039.3,91039.4,91024.2,91031.6,-15.1,7.8
2025-12-03 00:10:15.361,91041.5,91041.6,91031.5,91031.6,-10.0,10.0
2025-12-03 00:10:16.003,91045.7,91045.8,91031.5,91031.6,-14.2,14.2
2025-12-03 00:10:16.611,91057.9,91058.4,91031.5,91031.6,-26.4,26.8
2025-12-03 00:10:17.202,91065.3,91065.4,91046.6,91046.7,-18.7,18.7
2025-12-03 00:10:17.927,91065.3,91065.4,91062.0,91065.1,-3.3,0.3
2025-12-03 00:10:18.732,91065.3,91065.4,91055.0,91055.9,-10.3,9.5
2025-12-03 00:10:19.420,91065.3,91065.4,91060.0,91060.1,-5.3,5.3
2025-12-03 00:10:20.121,91051.4,91051.5,91056.6,91058.5,5.2,-7.0
2025-12-03 00:10:20.824,91051.6,91052.3,91044.4,91044.5,-7.2,7.8
2025-12-03 00:10:21.558,91065.8,91065.9,91064.2,91064.3,-1.6,1.6
2025-12-03 00:10:22.295,91065.5,91065.6,91063.1,91063.4,-2.4,2.2
2025-12-03 00:10:23.025,91080.1,91080.2,91061.2,91077.1,-18.9,3.1
2025-12-03 00:10:23.757,91065.5,91065.6,91071.8,91072.7,6.3,-7.1
2025-12-03 00:10:24.460,91010,91013.1,91056.1,91056.2,46.1,-43.1
2025-12-03 00:10:25.183,90983.2,90985.7,91017.0,91021.9,33.8,-36.2
2025-12-03 00:10:25.838,90963.6,90967.3,90974.2,90982.7,10.6,-15.4
2025-12-03 00:10:26.568,90965.6,90965.7,90974.2,90974.9,8.6,-9.2
2025-12-03 00:10:27.259,90978,90978.5,90968.5,90971.5,-9.5,7.0
2025-12-03 00:10:28.055,90981.3,90981.7,90979.9,90986.3,-1.4,-4.6
2025-12-03 00:10:28.792,90981.3,90981.4,90977.6,90980.7,-3.7,0.7
2025-12-03 00:10:29.475,90981.3,90981.4,90978.1,90981.0,-3.2,0.4
2025-12-03 00:10:30.207,90965.6,90965.7,90976.5,90976.7,10.9,-11.0
2025-12-03 00:10:30.970,90972,90972.1,90957.2,90957.3,-14.8,14.8
2025-12-03 00:10:31.732,90968.9,90969,90970.6,90971.7,1.7,-2.7
2025-12-03 00:10:33.459,90956.9,90957,90971.6,90973.9,14.7,-16.9
2025-12-03 00:10:34.190,90945.9,90946,90952.5,90955.4,6.6,-9.4
2025-12-03 00:10:34.930,90945.9,90946,90944.3,90946.8,-1.6,-0.8
2025-12-03 00:10:35.634,90947.1,90947.2,90940.2,90940.3,-6.9,6.9
2025-12-03 00:10:36.325,90936.9,90937,90940.1,90940.2,3.2,-3.2
2025-12-03 00:10:37.054,90936.8,90936.9,90932.1,90934.8,-4.7,2.1
2025-12-03 00:10:37.774,90932.4,90932.5,90922.2,90930.3,-10.2,2.2
2025-12-03 00:10:38.471,90932.4,90932.5,90931.2,90932.7,-1.2,-0.2
2025-12-03 00:10:39.154,90932.4,90932.5,90932.9,90935.9,0.5,-3.4
2025-12-03 00:10:39.898,90932.4,90932.5,90930.4,90930.5,-2.0,2.0
2025-12-03 00:10:41.614,90932.4,90932.5,90934.5,90934.6,2.1,-2.1
2025-12-03 00:10:42.330,90932.4,90932.5,90923.2,90926.6,-9.2,5.9
2025-12-03 00:10:43.061,90932.4,90932.5,90926.0,90930.2,-6.4,2.3
2025-12-03 00:10:43.818,90932.4,90932.5,90921.2,90924.1,-11.2,8.4
2025-12-03 00:10:44.541,90932.4,90932.5,90928.7,90928.8,-3.7,3.7
2025-12-03 00:10:45.236,90939.6,90939.7,90934.2,90934.3,-5.4,5.4
2025-12-03 00:10:45.929,90939,90939.1,90932.6,90934.4,-6.4,4.7
2025-12-03 00:10:46.668,90916.1,90918.6,90930.8,90930.9,14.7,-12.3
2025-12-03 00:10:47.365,90909.7,90909.8,90903.9,90907.7,-5.8,2.1
2025-12-03 00:10:48.072,90902.7,90902.8,90900.2,90901.1,-2.5,1.7
2025-12-03 00:10:48.833,90900.3,90900.4,90906.7,90907.7,6.4,-7.3
2025-12-03 00:10:49.560,90880.2,90881,90892.5,90892.8,12.3,-11.8
2025-12-03 00:10:50.280,90876.9,90877,90874.5,90874.8,-2.4,2.2
2025-12-03 00:10:50.949,90876.9,90877,90880.8,90882.5,3.9,-5.5
2025-12-03 00:10:51.644,90884.8,90884.9,90883.3,90883.4,-1.5,1.5
2025-12-03 00:10:52.335,90883.4,90883.5,90878.4,90878.6,-5.0,4.9
2025-12-03 00:10:53.075,90883.4,90883.5,90884.2,90889.6,0.8,-6.1
2025-12-03 00:10:53.810,90905.4,90905.5,90886.7,90886.8,-18.7,18.7
2025-12-03 00:10:54.595,90920.5,90920.8,90898.4,90900.8,-22.1,20.0
2025-12-03 00:10:55.285,90921.1,90921.2,90910.2,90914.5,-10.9,6.7
2025-12-03 00:10:55.991,90941.4,90941.5,90922.4,90924.8,-19.0,16.7
2025-12-03 00:10:56.651,90946.4,90946.5,90933.4,90933.5,-13.0,13.0
2025-12-03 00:10:57.354,90954.6,90954.7,90944.8,90947.7,-9.8,7.0
2025-12-03 00:10:58.120,90959.1,90959.2,90957.6,90960.5,-1.5,-1.3
2025-12-03 00:10:58.891,90964.4,90964.5,90960.9,90961.0,-3.5,3.5
2025-12-03 00:10:59.551,90964.4,90964.5,90959.8,90960.1,-4.6,4.4
2025-12-03 00:11:00.276,90964.4,90964.5,90959.8,90959.9,-4.6,4.6
2025-12-03 00:11:00.962,90964.4,90964.5,90957.3,90962.6,-7.1,1.9
2025-12-03 00:11:01.670,90964.4,90964.5,90957.9,90961.8,-6.5,2.7
2025-12-03 00:11:02.435,90961.4,90963.8,90957.0,90957.4,-4.4,6.4
2025-12-03 00:11:03.229,90972.4,90974.5,90962.7,90962.8,-9.7,11.7
2025-12-03 00:11:03.940,90971.8,90977.3,90977.1,90977.2,5.3,0.1
2025-12-03 00:11:04.671,90982.2,90982.4,90967.2,90967.3,-15.0,15.1
2025-12-03 00:11:05.380,90968.2,90968.3,90980.1,90985.9,11.9,-17.6
2025-12-03 00:11:06.124,90966.5,90966.6,90966.2,90966.3,-0.3,0.3
2025-12-03 00:11:06.867,90969.7,90969.8,90966.7,90966.8,-3.0,3.0
2025-12-03 00:11:07.567,90969.7,90969.8,90973.5,90973.6,3.8,-3.8
2025-12-03 00:11:08.253,90969.7,90969.8,90970.0,90971.5,0.3,-1.7
2025-12-03 00:11:08.935,90969.7,90969.8,90970.1,90971.3,0.4,-1.5
2025-12-03 00:11:09.644,90973,90973.1,90965.5,90965.6,-7.5,7.5
2025-12-03 00:11:10.357,90973,90973.1,90965.5,90970.0,-7.5,3.1
2025-12-03 00:11:11.196,90967.1,90967.2,90965.5,90965.9,-1.6,1.3
2025-12-03 00:11:12.150,90967.1,90967.2,90960.1,90960.2,-7.0,7.0
2025-12-03 00:11:13.197,90972.1,90972.2,90969.1,90969.2,-3.0,3.0
2025-12-03 00:11:14.018,90972.1,90972.2,90965.7,90968.4,-6.4,3.8
2025-12-03 00:11:14.735,90933.6,90936.9,90962.9,90963.2,29.3,-26.3
2025-12-03 00:11:15.429,90913.4,90920,90934.8,90952.3,21.4,-32.3
2025-12-03 00:11:16.197,90913.4,90913.5,90915.1,90920.0,1.7,-6.5
2025-12-03 00:11:16.878,90928.4,90928.5,90909.3,90910.0,-19.1,18.5
2025-12-03 00:11:17.561,90944.5,90944.6,90932.8,90934.6,-11.7,10.0
2025-12-03 00:11:18.241,90933.4,90933.5,90937.9,90939.2,4.5,-5.7
2025-12-03 00:11:18.927,90929.6,90929.7,90935.3,90935.4,5.7,-5.7
2025-12-03 00:11:19.599,90919.5,90919.6,90909.9,90917.8,-9.6,1.8
2025-12-03 00:11:20.275,90927.4,90927.5,90920.4,90923.1,-7.0,4.4
2025-12-03 00:11:22.010,90906.5,90906.6,90926.9,90929.0,20.4,-22.4
2025-12-03 00:11:22.705,90901.7,90901.8,90899.1,90900.6,-2.6,1.2
2025-12-03 00:11:23.418,90897.2,90897.3,90903.0,90903.5,5.8,-6.2
2025-12-03 00:11:24.260,90883.6,90883.7,90883.3,90894.7,-0.3,-11.0
2025-12-03 00:11:24.923,90896.9,90897,90877.9,90878.5,-19.0,18.5
2025-12-03 00:11:25.655,90906.3,90906.4,90893.1,90893.2,-13.2,13.2
2025-12-03 00:11:26.351,90910.7,90910.8,90907.3,90907.4,-3.4,3.4
2025-12-03 00:11:27.036,90919.1,90919.2,90911.6,90911.7,-7.5,7.5
2025-12-03 00:11:27.713,90919.1,90919.2,90922.2,90922.3,3.1,-3.1
2025-12-03 00:11:28.446,90919.1,90919.2,90924.7,90924.8,5.6,-5.6
2025-12-03 00:11:29.144,90923.5,90923.6,90924.7,90929.2,1.2,-5.6
2025-12-03 00:11:29.811,90923.5,90923.6,90920.2,90921.9,-3.3,1.7
2025-12-03 00:11:31.598,90910.1,90910.2,90920.1,90920.2,10.0,-10.0
2025-12-03 00:11:32.323,90880.8,90880.9,90886.7,90890.3,5.9,-9.4
2025-12-03 00:11:33.113,90876.1,90876.2,90880.6,90880.7,4.5,-4.5
2025-12-03 00:11:33.819,90876.1,90876.2,90870.1,90872.8,-6.0,3.4
2025-12-03 00:11:34.482,90876.1,90876.2,90870.0,90872.4,-6.1,3.8
2025-12-03 00:11:35.170,90869.6,90869.9,90873.2,90874.0,3.6,-4.1
2025-12-03 00:11:35.931,90879.1,90879.2,90870.0,90870.1,-9.1,9.1
2025-12-03 00:11:36.593,90879.1,90879.2,90876.7,90877.1,-2.4,2.1
2025-12-03 00:11:37.282,90889.5,90889.6,90878.6,90880.0,-10.9,9.6
2025-12-03 00:11:37.966,90877.9,90878,90885.6,90887.1,7.7,-9.1
2025-12-03 00:11:38.665,90879.3,90879.4,90873.5,90873.6,-5.8,5.8
2025-12-03 00:11:39.480,90879.3,90879.4,90876.5,90877.1,-2.8,2.3
2025-12-03 00:11:40.297,90879.3,90879.4,90873.7,90877.9,-5.6,1.5
2025-12-03 00:11:40.994,90888.2,90888.3,90886.4,90888.1,-1.8,0.2
2025-12-03 00:11:41.665,90888.2,90888.3,90889.5,90894.3,1.3,-6.0
2025-12-03 00:11:42.335,90890.4,90890.5,90891.9,90893.8,1.5,-3.3
2025-12-03 00:11:43.007,90890.4,90890.5,90888.8,90892.7,-1.6,-2.2
2025-12-03 00:11:44.759,90927.9,90928,90894.5,90894.6,-33.4,33.4
2025-12-03 00:11:46.482,90927.9,90928,90932.6,90932.7,4.7,-4.7
2025-12-03 00:11:47.208,90927.9,90928,90927.3,90929.2,-0.6,-1.2
2025-12-03 00:11:47.921,90927.9,90928,90928.1,90929.1,0.2,-1.1
2025-12-03 00:11:48.641,90939,90939.1,90933.6,90936.3,-5.4,2.8
2025-12-03 00:11:49.292,90942.3,90942.4,90942.4,90948.6,0.1,-6.2
2025-12-03 00:11:51.065,90931,90931.1,90944.0,90944.1,13.0,-13.0
2025-12-03 00:11:51.754,90930.1,90930.2,90923.9,90925.4,-6.2,4.8
2025-12-03 00:11:52.432,90930.1,90930.2,90925.4,90925.6,-4.7,4.6
2025-12-03 00:11:53.123,90930.1,90930.2,90926.9,90927.0,-3.2,3.2
2025-12-03 00:11:53.799,90930.1,90930.2,90929.5,90929.6,-0.6,0.6
2025-12-03 00:11:54.554,90923.4,90923.5,90929.5,90929.6,6.1,-6.1
2025-12-03 00:11:55.692,90928.1,90928.2,90923.3,90923.5,-4.8,4.7
2025-12-03 00:11:56.620,90930.1,90930.2,90933.6,90933.7,3.5,-3.5
2025-12-03 00:11:57.402,90930.1,90930.2,90930.3,90930.4,0.2,-0.2
2025-12-03 00:11:58.208,90931.3,90931.4,90936.7,90938.8,5.4,-7.4
2025-12-03 00:11:58.951,90931.3,90931.4,90932.9,90934.6,1.6,-3.2
2025-12-03 00:11:59.637,90929.9,90930,90927.0,90930.4,-2.9,-0.4
2025-12-03 00:12:00.396,90928.3,90928.4,90925.4,90926.9,-2.9,1.5
2025-12-03 00:12:01.139,90928.3,90928.4,90925.5,90925.6,-2.8,2.8
2025-12-03 00:12:01.876,90928.3,90928.4,90925.3,90925.4,-3.0,3.0
2025-12-03 00:12:02.584,90939.6,90939.7,90934.4,90940.2,-5.2,-0.5
2025-12-03 00:12:03.332,90925.1,90925.2,90935.6,90936.2,10.5,-11.0
2025-12-03 00:12:04.056,90943.7,90943.8,90925.0,90931.1,-18.7,12.7
2025-12-03 00:12:04.801,90978.7,90978.8,90946.8,90948.9,-31.9,29.9
2025-12-03 00:12:05.510,90968,90968.1,90962.5,90979.6,-5.5,-11.5
2025-12-03 00:12:06.107,90968,90968.1,90963.7,90970.3,-4.3,-2.2
2025-12-03 00:12:06.801,90968,90968.1,90967.9,90969.8,-0.1,-1.7
2025-12-03 00:12:07.537,90968.2,90972.7,90967.7,90970.2,-0.5,2.5
2025-12-03 00:12:08.159,90963.5,90963.6,90988.3,90990.5,24.8,-26.9
2025-12-03 00:12:08.747,90956.9,90957,90968.4,90969.0,11.5,-12.0
2025-12-03 00:12:09.319,90948.5,90948.6,90950.7,90956.1,2.2,-7.5
2025-12-03 00:12:09.911,90966.3,90972.5,90947.4,90948.1,-18.9,24.4
2025-12-03 00:12:10.528,90972.5,90972.6,90970.8,90980.3,-1.7,-7.7
2025-12-03 00:12:11.110,90973.7,90973.8,90973.6,90979.6,-0.1,-5.8
2025-12-03 00:12:11.709,90973.7,90973.8,90974.4,90975.3,0.7,-1.5
2025-12-03 00:12:12.334,90973.7,90973.8,90970.7,90973.9,-3.0,-0.1
2025-12-03 00:12:12.907,90967.4,90967.5,90963.5,90970.5,-3.9,-3.0
2025-12-03 00:12:13.547,90963.7,90970.2,90972.3,90972.4,8.6,-2.2
2025-12-03 00:12:14.098,90949.1,90949.2,90964.8,90964.9,15.7,-15.7
2025-12-03 00:12:14.664,90948.9,90949,90942.8,90947.7,-6.1,1.3
2025-12-03 00:12:15.300,90944.3,90944.4,90947.2,90947.3,2.9,-2.9
2025-12-03 00:12:15.909,90944.3,90944.4,90942.6,90944.3,-1.7,0.1
2025-12-03 00:12:16.540,90943.4,90943.5,90939.7,90942.5,-3.7,1.0
2025-12-03 00:12:17.167,90936,90936.1,90942.2,90942.3,6.2,-6.2
2025-12-03 00:12:17.783,90941.3,90941.4,90939.0,90939.1,-2.3,2.3
2025-12-03 00:12:18.397,90941.3,90941.4,90935.7,90935.8,-5.6,5.6
2025-12-03 00:12:18.994,90933.3,90936.6,90941.5,90942.9,8.2,-6.3
2025-12-03 00:12:19.616,90925.5,90926.4,90926.6,90926.8,1.1,-0.4
2025-12-03 00:12:20.229,90903.6,90904.7,90917.8,90920.0,14.2,-15.3
2025-12-03 00:12:20.781,90904.6,90904.7,90901.4,90901.8,-3.2,2.9
2025-12-03 00:12:21.374,90904.6,90904.7,90907.1,90908.4,2.5,-3.7
2025-12-03 00:12:21.928,90904.6,90904.7,90908.7,90911.5,4.1,-6.8
2025-12-03 00:12:22.512,90904.6,90904.7,90906.8,90910.0,2.2,-5.3
2025-12-03 00:12:23.074,90904.6,90904.7,90910.0,90910.1,5.4,-5.4
2025-12-03 00:12:23.685,90912.9,90913,90910.0,90910.1,-2.9,2.9
2025-12-03 00:12:24.285,90922.6,90922.7,90917.8,90917.9,-4.8,4.8
2025-12-03 00:12:24.856,90922.4,90922.5,90922.2,90922.3,-0.2,0.2
2025-12-03 00:12:25.460,90918.9,90919,90909.6,90915.7,-9.3,3.3
2025-12-03 00:12:26.024,90916.5,90916.6,90910.9,90915.3,-5.6,1.3
2025-12-03 00:12:26.645,90916.5,90916.6,90913.2,90913.3,-3.3,3.3
2025-12-03 00:12:27.260,90916.5,90916.6,90914.9,90915.0,-1.6,1.6
2025-12-03 00:12:27.934,90923.3,90923.4,90925.4,90928.1,2.1,-4.7
2025-12-03 00:12:28.591,90932,90932.1,90931.6,90939.4,-0.4,-7.3
2025-12-03 00:12:29.231,90934.1,90934.2,90934.2,90934.4,0.1,-0.2
2025-12-03 00:12:29.828,90934.1,90934.2,90934.9,90937.5,0.8,-3.3
2025-12-03 00:12:30.493,90946.2,90946.3,90932.4,90937.4,-13.8,8.9
2025-12-03 00:12:31.091,90946.2,90946.3,90950.1,90953.0,3.9,-6.7
2025-12-03 00:12:31.714,90940.1,90940.2,90947.0,90947.1,6.9,-6.9
2025-12-03 00:12:32.298,90932.1,90932.5,90938.9,90940.7,6.8,-8.2
2025-12-03 00:12:32.891,90931.8,90931.9,90926.5,90930.8,-5.3,1.1
2025-12-03 00:12:33.499,90936,90936.1,90926.2,90926.3,-9.8,9.8
2025-12-03 00:12:34.115,90936,90936.1,90939.0,90940.5,3.0,-4.4
2025-12-03 00:12:34.723,90942.5,90942.6,90942.2,90943.1,-0.3,-0.5
2025-12-03 00:12:35.320,90949,90949.1,90950.5,90959.5,1.5,-10.4
2025-12-03 00:12:35.907,90949,90949.1,90944.8,90951.3,-4.2,-2.2
2025-12-03 00:12:36.507,90949,90949.1,90943.0,90943.1,-6.0,6.0
2025-12-03 00:12:37.115,90949,90949.1,90950.1,90950.2,1.1,-1.1
2025-12-03 00:12:37.718,90949,90949.1,90946.8,90949.5,-2.2,-0.4
2025-12-03 00:12:38.380,90949,90949.1,90949.4,90949.5,0.4,-0.4
2025-12-03 00:12:39.062,90949,90949.1,90951.7,90951.8,2.7,-2.7
2025-12-03 00:12:39.680,90963.8,90966.3,90962.9,90963.8,-0.9,2.5
2025-12-03 00:12:40.230,90969.3,90969.4,90968.5,90974.2,-0.8,-4.8
2025-12-03 00:12:40.851,90969.3,90969.4,90969.6,90973.7,0.3,-4.3
2025-12-03 00:12:41.498,90969.3,90969.4,90968.0,90972.1,-1.3,-2.7
2025-12-03 00:12:42.208,90969.3,90969.4,90963.7,90965.8,-5.6,3.6
2025-12-03 00:12:43.122,90969.3,90969.4,90968.2,90968.3,-1.1,1.1
2025-12-03 00:12:43.733,90969.3,90969.4,90960.3,90962.5,-9.0,6.9
2025-12-03 00:12:44.346,90969.3,90969.4,90957.6,90957.7,-11.7,11.7
2025-12-03 00:12:44.962,90969.3,90969.4,90955.6,90959.3,-13.7,10.1
2025-12-03 00:12:45.565,90969.3,90969.4,90962.3,90962.4,-7.0,7.0
2025-12-03 00:12:46.249,90968.9,90969,90964.1,90965.2,-4.8,3.8
2025-12-03 00:12:46.968,90933.6,90933.8,90963.3,90963.4,29.7,-29.6
2025-12-03 00:12:47.561,90934.3,90934.4,90933.9,90936.0,-0.4,-1.6
2025-12-03 00:12:48.125,90936.3,90936.4,90935.7,90935.8,-0.6,0.6
2025-12-03 00:12:48.747,90941,90941.1,90943.9,90949.0,2.9,-7.9
2025-12-03 00:12:49.352,90941,90941.1,90942.7,90944.0,1.7,-2.9
2025-12-03 00:12:49.980,90941,90941.1,90945.1,90947.7,4.1,-6.6
2025-12-03 00:12:51.637,90943,90943.1,90944.8,90947.7,1.8,-4.6
2025-12-03 00:12:52.177,90943,90943.1,90943.5,90944.3,0.5,-1.2
2025-12-03 00:12:52.786,90947.1,90947.6,90949.0,90956.0,1.9,-8.4
2025-12-03 00:12:53.366,90950.4,90950.5,90947.0,90956.2,-3.4,-5.7
2025-12-03 00:12:53.958,90951.5,90951.6,90956.0,90958.4,4.5,-6.8
2025-12-03 00:12:54.536,90951.5,90951.6,90954.9,90957.1,3.4,-5.5
2025-12-03 00:12:55.126,90951.5,90951.6,90951.4,90951.5,-0.1,0.1
2025-12-03 00:12:55.759,90955,90955.1,90953.2,90953.3,-1.8,1.8
2025-12-03 00:12:56.328,90955,90955.1,90950.7,90953.2,-4.3,1.9
2025-12-03 00:12:56.922,90955,90955.1,90952.8,90952.9,-2.2,2.2
2025-12-03 00:12:57.515,90954.2,90954.3,90956.5,90957.7,2.3,-3.4
2025-12-03 00:12:58.101,90954.2,90954.3,90950.8,90954.6,-3.4,-0.3
2025-12-03 00:12:58.706,90939.6,90939.7,90948.5,90948.7,8.9,-9.0
2025-12-03 00:12:59.320,90943.4,90943.5,90937.6,90937.7,-5.8,5.8
2025-12-03 00:12:59.898,90943.4,90943.5,90945.0,90945.5,1.6,-2.0
2025-12-03 00:13:01.493,90931.7,90931.8,90943.7,90944.3,12.0,-12.5
2025-12-03 00:13:02.095,90923.4,90924.4,90930.4,90934.5,7.0,-10.1
2025-12-03 00:13:02.784,90889.7,90890.2,90924.8,90924.9,35.1,-34.7
2025-12-03 00:13:03.363,90882,90885.6,90890.0,90897.1,8.0,-11.5
2025-12-03 00:13:03.959,90868.4,90871.2,90873.7,90879.2,5.3,-8.0
2025-12-03 00:13:04.546,90861.8,90862,90873.7,90873.8,11.9,-11.8
2025-12-03 00:13:05.115,90862.3,90862.4,90872.3,90872.6,10.0,-10.2
2025-12-03 00:13:05.703,90860.5,90860.6,90866.6,90868.9,6.1,-8.3
2025-12-03 00:13:06.279,90852.2,90852.3,90853.8,90854.1,1.6,-1.8
2025-12-03 00:13:06.894,90848.3,90848.4,90842.6,90846.8,-5.7,1.6
2025-12-03 00:13:07.510,90848,90848.1,90849.2,90849.3,1.2,-1.2
2025-12-03 00:13:08.085,90839.2,90839.3,90848.4,90848.5,9.2,-9.2
2025-12-03 00:13:08.709,90839.1,90839.2,90843.9,90844.0,4.8,-4.8
2025-12-03 00:13:09.346,90836.4,90836.5,90852.6,90852.7,16.2,-16.2
2025-12-03 00:13:10.932,90842.2,90842.3,90836.5,90836.6,-5.7,5.7
2025-12-03 00:13:11.518,90840.1,90840.2,90845.1,90845.8,5.0,-5.6
2025-12-03 00:13:12.114,90836,90836.1,90845.1,90847.5,9.1,-11.4
2025-12-03 00:13:12.707,90802.7,90804.1,90833.2,90834.7,30.5,-30.6
2025-12-03 00:13:13.292,90800,90800.1,90805.1,90828.3,5.1,-28.2
2025-12-03 00:13:13.892,90800,90800.1,90800.0,90802.6,0.0,-2.5
2025-12-03 00:13:14.503,90800,90800.1,90800.1,90801.3,0.1,-1.2
2025-12-03 00:13:15.072,90800.9,90801,90800.0,90800.1,-0.9,0.9
2025-12-03 00:13:15.647,90802.5,90802.6,90805.5,90805.6,3.0,-3.0
2025-12-03 00:13:16.246,90802.5,90802.6,90805.7,90809.8,3.2,-7.2
2025-12-03 00:13:16.853,90800,90800.1,90801.9,90802.2,1.9,-2.1
2025-12-03 00:13:17.399,90800,90800.1,90798.4,90798.5,-1.6,1.6
2025-12-03 00:13:17.965,90800,90800.1,90797.4,90798.5,-2.6,1.6
2025-12-03 00:13:18.544,90800,90800.1,90792.9,90793.0,-7.1,7.1
2025-12-03 00:13:19.105,90800,90800.1,90795.1,90798.8,-4.9,1.3
2025-12-03 00:13:19.685,90800.9,90801,90796.9,90797.0,-4.0,4.0
2025-12-03 00:13:20.302,90802.9,90803,90805.5,90805.6,2.6,-2.6
2025-12-03 00:13:20.872,90805.3,90805.4,90805.5,90805.6,0.2,-0.2
2025-12-03 00:13:21.431,90805.3,90805.4,90809.6,90812.0,4.3,-6.6
2025-12-03 00:13:22.018,90810.7,90810.8,90811.2,90813.7,0.5,-2.9
2025-12-03 00:13:22.598,90815.2,90815.3,90819.9,90820.0,4.7,-4.7
2025-12-03 00:13:23.166,90816.5,90816.6,90816.1,90816.4,-0.4,0.2
2025-12-03 00:13:23.754,90814.4,90814.5,90813.8,90815.5,-0.6,-1.0
2025-12-03 00:13:24.343,90808.6,90808.7,90812.6,90813.3,4.0,-4.6
2025-12-03 00:13:24.915,90808.6,90808.7,90808.2,90810.8,-0.4,-2.1
2025-12-03 00:13:25.496,90820.1,90820.2,90813.2,90813.3,-6.9,6.9
2025-12-03 00:13:26.151,90832,90832.1,90825.0,90828.5,-7.0,3.6
2025-12-03 00:13:26.766,90832,90832.1,90838.2,90838.9,6.2,-6.8
2025-12-03 00:13:27.410,90825.9,90826.4,90817.0,90821.4,-8.9,5.0
2025-12-03 00:13:28.036,90816.5,90816.8,90818.8,90821.5,2.3,-4.7
2025-12-03 00:13:28.699,90825.9,90827.3,90816.8,90820.6,-9.1,6.7
2025-12-03 00:13:29.304,90828,90828.1,90831.3,90832.6,3.3,-4.5
2025-12-03 00:13:29.919,90828,90828.1,90825.2,90827.8,-2.8,0.3
2025-12-03 00:13:30.493,90828,90828.1,90820.5,90823.1,-7.5,5.0
2025-12-03 00:13:31.038,90817.1,90817.2,90817.0,90817.1,-0.1,0.1
2025-12-03 00:13:31.624,90816.5,90816.6,90811.7,90815.1,-4.8,1.5
2025-12-03 00:13:32.219,90816.5,90816.6,90809.1,90809.2,-7.4,7.4
2025-12-03 00:13:32.801,90816.5,90816.6,90803.0,90804.8,-13.5,11.8
2025-12-03 00:13:33.449,90816.5,90816.6,90806.0,90806.2,-10.5,10.4
2025-12-03 00:13:34.030,90816.5,90816.6,90816.6,90821.3,0.1,-4.7
2025-12-03 00:13:34.648,90824,90824.1,90807.3,90809.5,-16.7,14.6
2025-12-03 00:13:35.233,90824,90824.1,90824.4,90825.4,0.4,-1.3
2025-12-03 00:13:35.826,90824,90824.1,90825.2,90825.5,1.2,-1.4
2025-12-03 00:13:36.462,90830.4,90830.5,90831.3,90831.4,0.9,-0.9
2025-12-03 00:13:37.104,90830.4,90830.5,90828.0,90828.1,-2.4,2.4
2025-12-03 00:13:37.693,90828,90828.1,90829.9,90831.2,1.9,-3.1
2025-12-03 00:13:38.266,90816.5,90816.6,90810.3,90810.4,-6.2,6.2
2025-12-03 00:13:38.860,90816.5,90816.6,90806.6,90810.3,-9.9,6.3
2025-12-03 00:13:39.432,90817.5,90817.6,90809.6,90810.4,-7.9,7.2
2025-12-03 00:13:40.068,90825.9,90827,90810.3,90810.4,-15.6,16.6
2025-12-03 00:13:40.719,90825.9,90826,90810.3,90810.4,-15.6,15.6
2025-12-03 00:13:41.290,90825.9,90826,90810.3,90810.4,-15.6,15.6
2025-12-03 00:13:41.907,90825.9,90826,90810.3,90810.4,-15.6,15.6
2025-12-03 00:13:42.547,90816.5,90816.6,90810.3,90810.4,-6.2,6.2
2025-12-03 00:13:43.138,90816.5,90816.6,90805.6,90810.4,-10.9,6.2
2025-12-03 00:13:43.774,90825.9,90826,90808.7,90808.8,-17.2,17.2
2025-12-03 00:13:44.379,90825.9,90826,90810.3,90810.4,-15.6,15.6
2025-12-03 00:13:44.979,90818,90818.1,90805.7,90806.6,-12.3,11.5
2025-12-03 00:13:45.564,90818,90818.1,90805.7,90805.8,-12.3,12.3
2025-12-03 00:13:46.181,90818,90818.1,90806.0,90806.1,-12.0,12.0
2025-12-03 00:13:46.712,90816.5,90816.6,90806.0,90806.1,-10.5,10.5
2025-12-03 00:13:47.342,90798,90799,90805.2,90805.3,7.2,-6.3
2025-12-03 00:13:47.891,90795.7,90795.8,90786.7,90788.2,-9.0,7.6
2025-12-03 00:13:48.500,90789.6,90789.7,90782.0,90782.1,-7.6,7.6
2025-12-03 00:13:49.036,90789.6,90789.7,90780.6,90780.7,-9.0,9.0
2025-12-03 00:13:49.624,90789.6,90789.7,90773.9,90777.8,-15.7,11.9
2025-12-03 00:13:50.203,90785,90785.2,90776.3,90778.1,-8.7,7.1
2025-12-03 00:13:50.786,90792.5,90792.6,90774.0,90774.2,-18.5,18.4
2025-12-03 00:13:51.364,90800.7,90800.8,90792.0,90802.1,-8.7,-1.3
2025-12-03 00:13:53.000,90786.9,90792.3,90795.4,90799.1,8.5,-6.8
2025-12-03 00:13:53.596,90795.3,90795.4,90780.1,90785.4,-15.2,10.0
2025-12-03 00:13:54.227,90786,90788.8,90787.9,90788.0,1.9,0.8
2025-12-03 00:13:54.756,90793,90793.1,90782.2,90786.4,-10.8,6.7
2025-12-03 00:13:55.337,90795.3,90795.4,90793.3,90793.4,-2.0,2.0
2025-12-03 00:13:55.908,90795.3,90795.4,90791.7,90792.6,-3.6,2.8
2025-12-03 00:13:56.502,90818.2,90818.4,90789.3,90793.4,-28.9,25.0
2025-12-03 00:13:57.105,90806.4,90813.7,90803.8,90807.2,-2.6,6.5
2025-12-03 00:13:57.677,90803.2,90803.3,90803.5,90803.6,0.3,-0.3
2025-12-03 00:13:58.230,90796.4,90796.5,90789.0,90789.1,-7.4,7.4
2025-12-03 00:13:58.790,90796.4,90796.5,90786.0,90788.9,-10.4,7.6
2025-12-03 00:13:59.392,90789.5,90789.6,90787.3,90788.5,-2.2,1.1
2025-12-03 00:14:00.011,90789.5,90789.6,90780.1,90781.2,-9.4,8.4
2025-12-03 00:14:00.633,90789.5,90789.6,90770.8,90778.0,-18.7,11.6
2025-12-03 00:14:01.278,90778.1,90778.2,90777.0,90781.4,-1.1,-3.2
2025-12-03 00:14:01.880,90785.7,90785.8,90772.3,90772.4,-13.4,13.4
2025-12-03 00:14:02.437,90785.7,90785.8,90775.8,90780.4,-9.9,5.4
2025-12-03 00:14:03.037,90787,90787.1,90778.5,90778.6,-8.5,8.5
2025-12-03 00:14:03.639,90796.3,90796.4,90782.9,90783.0,-13.4,13.4
2025-12-03 00:14:04.328,90808.1,90808.3,90790.0,90791.7,-18.1,16.6
2025-12-03 00:14:04.931,90817.6,90817.7,90805.5,90810.4,-12.1,7.3
2025-12-03 00:14:05.541,90817.6,90817.7,90806.4,90806.5,-11.2,11.2
2025-12-03 00:14:06.209,90818.3,90821.2,90806.3,90806.4,-12.0,14.8
2025-12-03 00:14:06.943,90817.6,90817.7,90807.6,90810.3,-10.0,7.4
2025-12-03 00:14:07.519,90810.4,90816.4,90801.7,90805.7,-8.7,10.7
2025-12-03 00:14:08.177,90795,90795.1,90788.8,90790.2,-6.2,4.9
2025-12-03 00:14:08.751,90804.1,90804.2,90775.3,90777.6,-28.8,26.6
2025-12-03 00:14:09.468,90804.1,90804.2,90786.0,90794.2,-18.1,10.0
2025-12-03 00:14:10.048,90804.1,90804.2,90791.3,90791.7,-12.8,12.5
2025-12-03 00:14:10.666,90804.1,90804.2,90790.5,90790.6,-13.6,13.6
2025-12-03 00:14:11.251,90804.1,90804.2,90784.9,90787.2,-19.2,17.0
2025-12-03 00:14:11.924,90789.4,90789.5,90789.5,90789.6,0.1,-0.1
2025-12-03 00:14:12.555,90789.4,90789.5,90767.3,90768.2,-22.1,21.3
2025-12-03 00:14:13.098,90778.1,90778.2,90764.1,90767.4,-14.0,10.8
2025-12-03 00:14:13.658,90776.2,90776.3,90763.4,90765.6,-12.8,10.7
2025-12-03 00:14:14.215,90776.2,90776.3,90763.3,90763.4,-12.9,12.9
2025-12-03 00:14:14.807,90776.2,90776.3,90758.8,90760.4,-17.4,15.9
2025-12-03 00:14:15.599,90759.9,90760,90750.5,90752.7,-9.4,7.3
2025-12-03 00:14:16.205,90748.9,90749,90744.7,90745.7,-4.2,3.3
2025-12-03 00:14:16.770,90748.9,90749,90743.5,90744.3,-5.4,4.7
2025-12-03 00:14:18.379,90748.9,90749,90744.2,90744.3,-4.7,4.7
2025-12-03 00:14:18.967,90748.9,90749,90737.7,90738.3,-11.2,10.7
2025-12-03 00:14:19.564,90745.8,90745.9,90737.1,90737.2,-8.7,8.7
2025-12-03 00:14:20.180,90748.9,90749,90737.7,90740.3,-11.2,8.7
2025-12-03 00:14:20.718,90740.7,90740.8,90737.1,90737.2,-3.6,3.6
2025-12-03 00:14:21.295,90740.7,90740.8,90732.9,90737.2,-7.8,3.6
2025-12-03 00:14:21.895,90746.8,90746.9,90736.7,90739.3,-10.1,7.6
2025-12-03 00:14:22.546,90748.9,90749,90743.0,90743.3,-5.9,5.7
2025-12-03 00:14:23.174,90748.9,90749,90737.1,90738.7,-11.8,10.3
2025-12-03 00:14:23.838,90748.9,90749,90744.0,90747.2,-4.9,1.8
2025-12-03 00:14:24.467,90748.9,90749,90738.8,90743.7,-10.1,5.3
2025-12-03 00:14:25.050,90748.9,90749,90737.0,90739.4,-11.9,9.6
2025-12-03 00:14:25.663,90747.2,90747.3,90735.0,90735.1,-12.2,12.2
2025-12-03 00:14:26.206,90747.2,90747.3,90737.0,90740.6,-10.2,6.7
2025-12-03 00:14:26.891,90748.9,90749,90742.5,90743.9,-6.4,5.1
2025-12-03 00:14:27.625,90772.7,90772.8,90751.6,90751.7,-21.1,21.1
2025-12-03 00:14:28.211,90772,90772.1,90764.3,90767.7,-7.7,4.4
2025-12-03 00:14:28.772,90772.9,90773,90767.0,90769.5,-5.9,3.5
2025-12-03 00:14:29.374,90773.8,90773.9,90768.3,90770.7,-5.5,3.2
2025-12-03 00:14:30.023,90770.6,90770.7,90763.9,90765.1,-6.7,5.6
2025-12-03 00:14:30.620,90758.5,90759,90760.1,90761.2,1.6,-2.2
2025-12-03 00:14:31.258,90773.8,90773.9,90756.3,90756.4,-17.5,17.5
2025-12-03 00:14:31.893,90774,90774.1,90769.8,90769.9,-4.2,4.2
2025-12-03 00:14:32.485,90771.5,90771.6,90769.5,90769.6,-2.0,2.0
2025-12-03 00:14:33.088,90771.5,90771.6,90770.0,90770.1,-1.5,1.5
2025-12-03 00:14:33.734,90771.5,90771.6,90770.4,90772.9,-1.1,-1.3
2025-12-03 00:14:34.371,90778.6,90778.7,90776.3,90779.2,-2.3,-0.5
2025-12-03 00:14:34.946,90778.6,90778.7,90776.3,90776.4,-2.3,2.3
2025-12-03 00:14:35.489,90778.6,90778.7,90780.6,90783.0,2.0,-4.3
2025-12-03 00:14:36.091,90778.6,90778.7,90785.6,90785.7,7.0,-7.0
2025-12-03 00:14:36.668,90779.4,90779.5,90785.1,90785.7,5.7,-6.2
2025-12-03 00:14:37.268,90779.4,90779.5,90784.9,90785.0,5.5,-5.5
2025-12-03 00:14:37.835,90779.4,90779.5,90787.4,90789.2,8.0,-9.7
2025-12-03 00:14:38.404,90779.4,90779.5,90784.9,90785.0,5.5,-5.5
2025-12-03 00:14:39.019,90779.4,90779.5,90775.5,90775.6,-3.9,3.9
2025-12-03 00:14:39.613,90779.4,90779.5,90776.4,90776.8,-3.0,2.7
2025-12-03 00:14:40.251,90779.4,90779.5,90775.4,90776.5,-4.0,3.0
2025-12-03 00:14:40.857,90779.4,90779.5,90780.6,90780.7,1.2,-1.2
2025-12-03 00:14:41.473,90779.4,90779.5,90791.1,90791.6,11.7,-12.1
2025-12-03 00:14:42.081,90779.4,90779.5,90789.2,90789.3,9.8,-9.8
2025-12-03 00:14:42.662,90795.7,90795.8,90789.2,90791.3,-6.5,4.5
2025-12-03 00:14:43.173,90795.7,90795.8,90792.8,90795.6,-2.9,0.2
2025-12-03 00:14:43.760,90795.7,90795.8,90795.5,90795.6,-0.2,0.2
2025-12-03 00:14:44.338,90795.7,90795.8,90789.8,90792.8,-5.9,3.0
2025-12-03 00:14:44.939,90795.7,90795.8,90790.8,90792.9,-4.9,2.9
2025-12-03 00:14:45.528,90796.9,90798,90792.1,90796.2,-4.8,1.8
2025-12-03 00:14:46.272,90807.7,90810.2,90807.9,90810.4,0.2,-0.2
2025-12-03 00:14:47.043,90810.1,90810.2,90810.3,90810.4,0.2,-0.2
2025-12-03 00:14:47.958,90810.1,90810.2,90810.3,90810.4,0.2,-0.2
2025-12-03 00:14:48.748,90810.1,90810.2,90807.3,90810.2,-2.8,0.0
2025-12-03 00:14:49.444,90810.1,90810.2,90814.8,90814.9,4.7,-4.7
2025-12-03 00:14:50.083,90821.5,90821.6,90817.1,90818.8,-4.4,2.8
2025-12-03 00:14:50.782,90830.5,90830.6,90830.2,90830.7,-0.3,-0.1
2025-12-03 00:14:51.374,90830.5,90830.6,90836.4,90836.5,5.9,-5.9
2025-12-03 00:14:51.987,90830.5,90830.6,90833.5,90835.2,3.0,-4.6
2025-12-03 00:14:52.558,90830.5,90830.6,90833.5,90835.2,3.0,-4.6
2025-12-03 00:14:53.125,90830.5,90830.6,90832.4,90833.6,1.9,-3.0
2025-12-03 00:14:53.708,90830.5,90830.6,90834.1,90835.2,3.6,-4.6
2025-12-03 00:14:54.291,90830.5,90830.6,90838.1,90838.2,7.6,-7.6
2025-12-03 00:14:54.875,90833.2,90833.3,90839.9,90841.7,6.7,-8.4
2025-12-03 00:14:55.485,90833.2,90833.3,90838.1,90838.2,4.9,-4.9
2025-12-03 00:14:56.066,90833.2,90833.3,90830.9,90833.3,-2.3,0.0
2025-12-03 00:14:56.664,90833.2,90833.3,90829.5,90829.6,-3.7,3.7
2025-12-03 00:14:57.282,90833.2,90833.3,90834.2,90834.3,1.0,-1.0
2025-12-03 00:14:57.938,90833.2,90833.3,90834.3,90838.2,1.1,-4.9
2025-12-03 00:14:58.554,90833.2,90833.3,90831.7,90831.8,-1.5,1.5
2025-12-03 00:14:59.139,90833.2,90833.3,90828.2,90830.2,-5.0,3.1
2025-12-03 00:14:59.685,90833.2,90833.3,90832.9,90837.0,-0.3,-3.7
2025-12-03 00:15:00.412,90833.2,90833.3,90839.9,90840.0,6.7,-6.7
2025-12-03 00:15:01.012,90833.2,90833.3,90837.9,90841.4,4.7,-8.1
2025-12-03 00:15:01.593,90833.2,90833.3,90841.7,90841.8,8.5,-8.5
2025-12-03 00:15:02.177,90820.5,90822.1,90838.0,90841.3,17.5,-19.2
2025-12-03 00:15:02.956,90822.6,90823.1,90822.5,90824.1,-0.1,-1.0
2025-12-03 00:15:03.607,90812.1,90819.3,90817.6,90819.5,5.5,-0.2
2025-12-03 00:15:04.254,90833.2,90844.9,90819.3,90819.4,-13.9,25.5
2025-12-03 00:15:04.859,90849.5,90849.6,90844.0,90845.6,-5.5,4.0
2025-12-03 00:15:05.526,90836.3,90836.4,90844.0,90846.0,7.7,-9.6
2025-12-03 00:15:06.184,90821.4,90823.8,90836.7,90839.8,15.3,-16.0
2025-12-03 00:15:07.243,90805,90805.2,90820.0,90826.5,15.0,-21.3
2025-12-03 00:15:07.915,90798.8,90801.3,90794.6,90799.1,-4.2,2.2
2025-12-03 00:15:08.460,90792.4,90797,90805.7,90807.5,13.3,-10.5
2025-12-03 00:15:09.119,90778.1,90778.2,90790.1,90795.7,12.0,-17.5
2025-12-03 00:15:09.721,90766.6,90766.7,90775.0,90787.7,8.4,-21.0
2025-12-03 00:15:10.284,90778.6,90778.7,90766.7,90768.5,-11.9,10.2
2025-12-03 00:15:10.829,90778.6,90778.7,90775.0,90776.3,-3.6,2.4
2025-12-03 00:15:11.443,90784.9,90792.7,90777.6,90779.5,-7.3,13.2
2025-12-03 00:15:12.018,90790.4,90790.5,90790.8,90792.6,0.4,-2.1
2025-12-03 00:15:12.618,90786.9,90787,90795.8,90795.9,8.9,-8.9
2025-12-03 00:15:13.276,90775.8,90775.9,90777.6,90777.7,1.8,-1.8
2025-12-03 00:15:13.825,90775.8,90781.3,90779.2,90780.5,3.4,0.8
2025-12-03 00:15:14.415,90786.8,90786.9,90782.1,90785.5,-4.7,1.4
2025-12-03 00:15:14.977,90782.3,90782.4,90790.0,90790.1,7.7,-7.7
2025-12-03 00:15:15.527,90787.2,90787.3,90779.1,90779.4,-8.1,7.9
2025-12-03 00:15:16.119,90775.6,90776.2,90786.5,90788.3,10.9,-12.1
2025-12-03 00:15:16.724,90760.9,90761,90770.6,90770.7,9.7,-9.7
2025-12-03 00:15:17.434,90749,90749.2,90757.0,90761.5,8.0,-12.3
2025-12-03 00:15:18.044,90743.9,90744,90738.7,90744.8,-5.2,-0.8
2025-12-03 00:15:18.629,90755.1,90755.2,90748.8,90751.2,-6.3,4.0
2025-12-03 00:15:19.235,90748.6,90748.7,90746.3,90751.3,-2.3,-2.6
2025-12-03 00:15:19.823,90748.6,90748.7,90743.9,90745.2,-4.7,3.5
2025-12-03 00:15:20.407,90746.4,90746.5,90746.7,90746.8,0.3,-0.3
2025-12-03 00:15:20.995,90743.2,90746.3,90740.0,90741.4,-3.2,4.9
2025-12-03 00:15:21.582,90741.9,90742,90737.3,90737.9,-4.6,4.1
2025-12-03 00:15:22.129,90741.9,90742,90739.3,90739.4,-2.6,2.6
2025-12-03 00:15:22.717,90741.9,90742,90737.2,90737.4,-4.7,4.6
2025-12-03 00:15:23.350,90742.7,90742.8,90736.7,90739.9,-6.0,2.9
2025-12-03 00:15:24.038,90742.7,90742.8,90746.3,90746.4,3.6,-3.6
2025-12-03 00:15:24.677,90742.7,90742.8,90746.3,90746.4,3.6,-3.6
2025-12-03 00:15:25.267,90742.7,90742.8,90739.8,90741.4,-2.9,1.4
2025-12-03 00:15:25.846,90742.7,90742.8,90741.3,90745.1,-1.4,-2.3
2025-12-03 00:15:26.382,90742.7,90742.8,90744.6,90747.6,1.9,-4.8
2025-12-03 00:15:26.955,90741.3,90741.4,90740.6,90745.2,-0.7,-3.8
2025-12-03 00:15:27.490,90742.1,90742.2,90741.9,90748.3,-0.2,-6.1
2025-12-03 00:15:28.038,90741.8,90741.9,90743.9,90746.1,2.1,-4.2
2025-12-03 00:15:28.603,90723.5,90723.6,90740.1,90740.4,16.6,-16.8
2025-12-03 00:15:29.179,90723.5,90723.6,90722.5,90730.6,-1.0,-7.0
2025-12-03 00:15:29.730,90723.5,90723.6,90726.9,90728.2,3.4,-4.6
2025-12-03 00:15:30.293,90723.5,90723.6,90724.6,90726.9,1.1,-3.3
2025-12-03 00:15:30.922,90748,90752.4,90722.2,90722.3,-25.8,30.1
2025-12-03 00:15:31.467,90747.8,90747.9,90738.0,90738.1,-9.8,9.8
2025-12-03 00:15:32.276,90765,90765.1,90747.5,90757.1,-17.5,8.0
2025-12-03 00:15:32.917,90765,90765.1,90751.9,90755.0,-13.1,10.1
2025-12-03 00:15:33.496,90765,90765.1,90761.1,90761.2,-3.9,3.9
2025-12-03 00:15:34.045,90765,90765.1,90765.4,90769.8,0.4,-4.7
2025-12-03 00:15:34.643,90765,90765.1,90762.3,90765.4,-2.7,-0.3
2025-12-03 00:15:35.229,90749.6,90749.7,90749.0,90752.5,-0.6,-2.8
2025-12-03 00:15:35.757,90746.9,90747,90742.5,90747.9,-4.4,-0.9
2025-12-03 00:15:36.316,90746.9,90747,90743.4,90743.5,-3.5,3.5
2025-12-03 00:15:36.941,90759.5,90759.6,90743.4,90743.5,-16.1,16.1
2025-12-03 00:15:37.518,90759.9,90760,90767.5,90767.6,7.6,-7.6
2025-12-03 00:15:38.100,90755.8,90755.9,90759.5,90759.6,3.7,-3.7
2025-12-03 00:15:38.677,90746.9,90747,90752.1,90753.5,5.2,-6.5
2025-12-03 00:15:39.255,90746.9,90747,90744.0,90748.1,-2.9,-1.1
2025-12-03 00:15:40.723,90759.8,90759.9,90750.1,90750.2,-9.7,9.7
2025-12-03 00:15:41.507,90772.2,90772.3,90765.1,90765.2,-7.1,7.1
2025-12-03 00:15:42.274,90771,90771.1,90778.1,90778.2,7.1,-7.1
2025-12-03 00:15:43.940,90700.5,90702.9,90775.1,90777.2,74.6,-74.3
2025-12-03 00:15:44.977,90700,90700.1,90702.5,90718.4,2.5,-18.3
2025-12-03 00:15:46.126,90700,90700.1,90697.2,90699.4,-2.8,0.7
2025-12-03 00:15:47.438,90685.7,90685.8,90699.1,90699.9,13.4,-14.1
2025-12-03 00:15:48.616,90651,90651.1,90682.5,90683.1,31.5,-32.0
2025-12-03 00:15:49.858,90641.4,90641.5,90654.4,90656.8,13.0,-15.3
2025-12-03 00:15:51.062,90619.9,90631.4,90624.6,90631.5,4.7,-0.1
2025-12-03 00:15:52.250,90633.5,90633.6,90628.0,90628.3,-5.5,5.3
2025-12-03 00:15:53.313,90658.2,90658.3,90642.9,90643.0,-15.3,15.3
2025-12-03 00:15:54.376,90658.1,90658.2,90661.3,90661.4,3.2,-3.2
2025-12-03 00:15:55.545,90658.1,90658.2,90654.9,90655.0,-3.2,3.2
2025-12-03 00:15:56.788,90640.7,90640.8,90651.8,90652.3,11.1,-11.5
2025-12-03 00:15:57.990,90656.5,90656.6,90641.6,90646.1,-14.9,10.5
2025-12-03 00:15:59.209,90666,90666.1,90662.3,90663.0,-3.7,3.1
2025-12-03 00:16:00.768,90670.2,90670.3,90669.9,90672.6,-0.3,-2.3
2025-12-03 00:16:02.105,90670.2,90670.3,90669.5,90669.7,-0.7,0.6
2025-12-03 00:16:03.152,90621.9,90624.4,90640.0,90646.6,18.1,-22.2
2025-12-03 00:16:04.246,90638.3,90644.1,90610.2,90615.3,-28.1,28.8
2025-12-03 00:16:05.999,90659,90660.1,90639.9,90655.8,-19.1,4.3
2025-12-03 00:16:07.227,90647.9,90648,90668.0,90668.1,20.1,-20.1
2025-12-03 00:16:07.977,90665.5,90665.6,90650.4,90650.9,-15.1,14.7
2025-12-03 00:16:08.697,90647.3,90647.4,90658.8,90659.3,11.5,-11.9
2025-12-03 00:16:09.446,90634.5,90634.6,90647.7,90647.8,13.2,-13.2
2025-12-03 00:16:10.164,90619.9,90620,90626.5,90632.4,6.6,-12.4
2025-12-03 00:16:10.896,90633.3,90633.4,90614.3,90614.7,-19.0,18.7
2025-12-03 00:16:11.581,90633.3,90633.4,90629.6,90639.8,-3.7,-6.4
2025-12-03 00:16:12.284,90646.2,90646.3,90636.9,90638.2,-9.3,8.1
2025-12-03 00:16:13.072,90637.7,90637.8,90647.4,90647.5,9.7,-9.7
2025-12-03 00:16:13.887,90626.4,90626.5,90633.6,90633.7,7.2,-7.2
2025-12-03 00:16:14.593,90618.8,90618.9,90621.4,90625.4,2.6,-6.5
2025-12-03 00:16:16.320,90605.6,90605.7,90613.4,90613.5,7.8,-7.8
2025-12-03 00:16:17.294,90624.6,90624.7,90615.2,90618.8,-9.4,5.9
2025-12-03 00:16:18.187,90627.8,90627.9,90624.4,90624.5,-3.4,3.4
2025-12-03 00:16:19.037,90632.4,90632.5,90625.6,90625.8,-6.8,6.7
2025-12-03 00:16:19.744,90624.8,90624.9,90625.7,90625.8,0.9,-0.9
2025-12-03 00:16:20.522,90624.8,90624.9,90614.1,90617.7,-10.7,7.2
2025-12-03 00:16:21.221,90624.8,90624.9,90614.5,90619.2,-10.3,5.7
2025-12-03 00:16:21.943,90624.8,90624.9,90615.9,90618.1,-8.9,6.8
2025-12-03 00:16:22.612,90624.8,90624.9,90610.2,90610.3,-14.6,14.6
2025-12-03 00:16:23.326,90627.5,90627.6,90607.9,90608.3,-19.6,19.3
2025-12-03 00:16:24.018,90629.4,90629.5,90614.4,90614.5,-15.0,15.0
2025-12-03 00:16:24.740,90636.7,90636.8,90623.6,90623.7,-13.1,13.1
2025-12-03 00:16:25.481,90655.8,90655.9,90623.5,90628.5,-32.3,27.4
2025-12-03 00:16:26.229,90666.1,90666.2,90647.4,90650.0,-18.7,16.2
2025-12-03 00:16:28.000,90669.8,90669.9,90655.9,90656.7,-13.9,13.2
2025-12-03 00:16:28.721,90651.6,90655,90662.8,90662.9,11.2,-7.9
2025-12-03 00:16:29.512,90669.8,90669.9,90653.9,90654.0,-15.9,15.9
2025-12-03 00:16:30.433,90696,90696.1,90674.3,90674.5,-21.7,21.6
2025-12-03 00:16:31.125,90699.9,90700,90697.3,90701.8,-2.6,-1.8
2025-12-03 00:16:31.810,90702.1,90702.2,90704.6,90704.7,2.5,-2.5
2025-12-03 00:16:32.566,90707.8,90707.9,90696.3,90700.0,-11.5,7.9
2025-12-03 00:16:33.309,90705.3,90705.4,90704.5,90704.6,-0.8,0.8
2025-12-03 00:16:34.040,90705.3,90705.4,90700.0,90700.1,-5.3,5.3
2025-12-03 00:16:34.750,90704.1,90704.2,90695.2,90695.3,-8.9,8.9
2025-12-03 00:16:35.570,90710.8,90710.9,90698.2,90699.2,-12.6,11.7
2025-12-03 00:16:36.259,90719.4,90719.5,90713.3,90713.4,-6.1,6.1
2025-12-03 00:16:36.972,90721.1,90721.2,90718.1,90720.6,-3.0,0.6
2025-12-03 00:16:37.772,90725.6,90725.7,90716.6,90717.5,-9.0,8.2
2025-12-03 00:16:38.541,90693,90693.6,90717.1,90718.3,24.1,-24.7
2025-12-03 00:16:39.268,90675.2,90676.3,90701.3,90701.4,26.1,-25.1
2025-12-03 00:16:40.087,90663.2,90663.3,90658.0,90676.2,-5.2,-12.9
2025-12-03 00:16:40.748,90672.3,90672.4,90658.0,90662.3,-14.3,10.1
2025-12-03 00:16:41.495,90677.5,90682,90667.0,90669.5,-10.5,12.5
2025-12-03 00:16:42.260,90673.1,90673.2,90671.4,90680.8,-1.7,-7.6
2025-12-03 00:16:43.084,90680.6,90680.7,90667.7,90667.8,-12.9,12.9
2025-12-03 00:16:43.819,90688.8,90693.1,90677.4,90681.9,-11.4,11.2
2025-12-03 00:16:44.592,90695.9,90696,90687.3,90692.2,-8.6,3.8
2025-12-03 00:16:45.287,90695.9,90696,90682.2,90682.3,-13.7,13.7
2025-12-03 00:16:46.074,90695.9,90696,90681.1,90683.9,-14.8,12.1
2025-12-03 00:16:46.797,90695.9,90696,90677.9,90684.3,-18.0,11.7
2025-12-03 00:16:47.516,90695.9,90696,90684.3,90684.5,-11.6,11.5
2025-12-03 00:16:48.238,90695.9,90696,90684.0,90684.1,-11.9,11.9
2025-12-03 00:16:48.995,90695.9,90696,90685.2,90685.4,-10.7,10.6
2025-12-03 00:16:49.728,90722.2,90722.3,90710.3,90710.4,-11.9,11.9
2025-12-03 00:16:50.419,90737.4,90737.5,90721.1,90723.0,-16.3,14.5
2025-12-03 00:16:51.103,90737.4,90737.5,90726.8,90732.0,-10.6,5.5
2025-12-03 00:16:51.896,90738.6,90738.7,90734.1,90734.5,-4.5,4.2
2025-12-03 00:16:52.683,90738.6,90738.7,90724.9,90726.9,-13.7,11.8
2025-12-03 00:16:53.436,90717.7,90723,90732.6,90734.9,14.9,-11.9
2025-12-03 00:16:54.139,90737.7,90737.8,90721.3,90721.4,-16.4,16.4
2025-12-03 00:16:54.918,90738.4,90738.5,90735.9,90737.6,-2.5,0.9
2025-12-03 00:16:55.648,90738.4,90738.5,90732.7,90734.3,-5.7,4.2
2025-12-03 00:16:56.393,90738.4,90738.5,90731.9,90736.9,-6.5,1.6
2025-12-03 00:16:57.191,90749.9,90750,90738.0,90742.5,-11.9,7.5
2025-12-03 00:16:57.928,90749.9,90750,90746.4,90750.0,-3.5,0.0
2025-12-03 00:16:58.704,90749.9,90750,90739.1,90739.2,-10.8,10.8
2025-12-03 00:16:59.379,90749.9,90750,90735.3,90735.9,-14.6,14.1
2025-12-03 00:17:00.054,90749.9,90750,90731.3,90735.5,-18.6,14.5
2025-12-03 00:17:00.747,90730.7,90730.8,90729.1,90729.2,-1.6,1.6
2025-12-03 00:17:01.477,90730.7,90730.8,90709.1,90720.9,-21.6,9.9
2025-12-03 00:17:02.189,90730.7,90730.8,90716.3,90720.0,-14.4,10.8
2025-12-03 00:17:02.879,90730.7,90730.8,90720.8,90720.9,-9.9,9.9
2025-12-03 00:17:03.565,90726.2,90726.3,90710.2,90710.7,-16.0,15.6
2025-12-03 00:17:04.288,90710.5,90710.6,90723.4,90723.7,12.9,-13.1
2025-12-03 00:17:05.052,90712.1,90712.2,90701.8,90702.3,-10.3,9.9
2025-12-03 00:17:05.756,90722.8,90722.9,90715.0,90716.7,-7.8,6.2
2025-12-03 00:17:06.492,90722.8,90722.9,90716.6,90719.4,-6.2,3.5
2025-12-03 00:17:07.211,90717.5,90717.6,90710.7,90713.0,-6.8,4.6
2025-12-03 00:17:07.947,90712.8,90712.9,90701.1,90702.2,-11.7,10.7
2025-12-03 00:17:08.656,90712.8,90712.9,90701.2,90701.3,-11.6,11.6
2025-12-03 00:17:09.330,90712.8,90712.9,90698.8,90701.3,-14.0,11.6
2025-12-03 00:17:10.035,90695.9,90696,90699.1,90699.2,3.2,-3.2
2025-12-03 00:17:10.724,90695.9,90696,90686.4,90688.8,-9.5,7.2
2025-12-03 00:17:11.479,90695.9,90696,90683.6,90688.3,-12.3,7.7
2025-12-03 00:17:12.145,90695.9,90696,90688.5,90691.7,-7.4,4.3
2025-12-03 00:17:12.997,90684.1,90684.2,90687.8,90687.9,3.7,-3.7
2025-12-03 00:17:14.779,90696.7,90696.8,90680.2,90680.3,-16.5,16.5
2025-12-03 00:17:15.475,90703.9,90704,90694.4,90695.5,-9.5,8.5
2025-12-03 00:17:16.177,90703.9,90704,90692.3,90698.2,-11.6,5.8
2025-12-03 00:17:16.878,90703.9,90704,90689.9,90696.7,-14.0,7.3
2025-12-03 00:17:17.628,90712.8,90712.9,90704.1,90706.7,-8.7,6.2
2025-12-03 00:17:18.427,90711.7,90711.8,90698.8,90703.4,-12.9,8.4
2025-12-03 00:17:19.138,90709.1,90709.2,90699.0,90702.3,-10.1,6.9
2025-12-03 00:17:19.803,90709.1,90709.2,90693.1,90693.2,-16.0,16.0
2025-12-03 00:17:20.543,90679,90679.1,90693.4,90695.0,14.4,-15.9
2025-12-03 00:17:21.258,90675.1,90675.2,90665.9,90672.6,-9.2,2.6
2025-12-03 00:17:22.026,90663.2,90663.3,90661.8,90665.2,-1.4,-1.9
2025-12-03 00:17:22.743,90662.7,90662.8,90647.1,90657.1,-15.6,5.7
2025-12-03 00:17:23.432,90662.7,90662.8,90651.7,90657.5,-11.0,5.3
2025-12-03 00:17:25.233,90664.8,90664.9,90652.2,90652.3,-12.6,12.6
2025-12-03 00:17:25.871,90677.7,90677.8,90659.0,90659.1,-18.7,18.7
2025-12-03 00:17:26.579,90677.7,90677.8,90664.5,90667.5,-13.2,10.3
2025-12-03 00:17:27.334,90687.3,90687.4,90667.5,90669.5,-19.8,17.9
2025-12-03 00:17:28.050,90687.5,90687.6,90677.4,90681.5,-10.1,6.1
2025-12-03 00:17:28.728,90683.1,90683.2,90673.8,90675.5,-9.3,7.7
2025-12-03 00:17:29.447,90681.6,90681.7,90671.5,90671.6,-10.1,10.1
2025-12-03 00:17:30.238,90670.4,90670.5,90668.6,90670.4,-1.8,0.1
2025-12-03 00:17:30.921,90664.8,90664.9,90652.7,90656.8,-12.1,8.1
2025-12-03 00:17:31.671,90658.5,90658.6,90645.1,90645.9,-13.4,12.7
2025-12-03 00:17:32.343,90664.6,90664.7,90647.0,90647.3,-17.6,17.4
2025-12-03 00:17:33.042,90675.7,90675.8,90655.7,90662.7,-20.0,13.1
2025-12-03 00:17:33.700,90659.5,90659.6,90655.7,90655.8,-3.8,3.8
2025-12-03 00:17:34.425,90659.5,90659.6,90650.4,90654.5,-9.1,5.1
2025-12-03 00:17:35.090,90649.3,90649.4,90648.6,90648.8,-0.7,0.6
2025-12-03 00:17:35.772,90650.5,90650.6,90643.7,90643.8,-6.8,6.8
2025-12-03 00:17:36.519,90650.5,90650.6,90648.1,90648.3,-2.4,2.3
2025-12-03 00:17:37.314,90649,90649.1,90643.8,90643.9,-5.2,5.2
2025-12-03 00:17:38.025,90635.4,90635.5,90624.6,90636.7,-10.8,-1.2
2025-12-03 00:17:38.718,90636.3,90636.4,90623.8,90623.9,-12.5,12.5
2025-12-03 00:17:39.407,90646.5,90646.6,90630.0,90630.5,-16.5,16.1
2025-12-03 00:17:40.091,90646.5,90646.6,90642.3,90642.4,-4.2,4.2
2025-12-03 00:17:40.779,90646.5,90646.6,90643.3,90647.0,-3.2,-0.4
2025-12-03 00:17:41.501,90646.5,90646.6,90643.2,90644.3,-3.3,2.3
2025-12-03 00:17:42.285,90646.5,90646.6,90642.3,90642.8,-4.2,3.8
2025-12-03 00:17:43.042,90646.5,90646.6,90637.4,90640.1,-9.1,6.5
2025-12-03 00:17:43.769,90647.9,90648,90639.1,90639.2,-8.8,8.8
2025-12-03 00:17:45.537,90640.3,90640.4,90639.0,90639.1,-1.3,1.3
2025-12-03 00:17:46.319,90640.3,90640.4,90631.5,90635.2,-8.8,5.2
2025-12-03 00:17:47.040,90640.3,90640.4,90629.0,90629.1,-11.3,11.3
2025-12-03 00:17:47.764,90640.3,90640.4,90621.0,90622.6,-19.3,17.8
2025-12-03 00:17:48.456,90636.9,90637,90615.0,90621.1,-21.9,15.9
2025-12-03 00:17:49.242,90621.3,90621.4,90618.0,90618.1,-3.3,3.3
2025-12-03 00:17:49.912,90618.9,90619,90599.8,90607.7,-19.1,11.3
2025-12-03 00:17:50.593,90619.8,90619.9,90606.0,90606.4,-13.8,13.5
2025-12-03 00:17:51.331,90622.8,90622.9,90614.1,90614.2,-8.7,8.7
2025-12-03 00:17:52.173,90618.7,90619.9,90609.6,90610.6,-9.1,9.3
2025-12-03 00:17:52.845,90606.8,90606.9,90593.4,90593.5,-13.4,13.4
2025-12-03 00:17:53.541,90592,90593.2,90593.3,90593.4,1.3,-0.2
2025-12-03 00:17:54.224,90605,90610.9,90585.2,90585.3,-19.8,25.6
2025-12-03 00:17:54.930,90609.6,90609.7,90596.4,90601.6,-13.2,8.1
2025-12-03 00:17:55.627,90609.6,90609.7,90595.4,90597.6,-14.2,12.1
2025-12-03 00:17:56.337,90609.6,90609.7,90595.0,90595.1,-14.6,14.6
2025-12-03 00:17:57.066,90609.6,90609.7,90601.0,90601.1,-8.6,8.6
2025-12-03 00:17:57.828,90609.6,90609.7,90596.3,90596.4,-13.3,13.3
2025-12-03 00:17:58.530,90609.6,90609.7,90597.3,90597.5,-12.3,12.2
2025-12-03 00:17:59.213,90609.6,90609.7,90601.3,90601.4,-8.3,8.3
2025-12-03 00:17:59.867,90609.6,90609.7,90601.3,90601.4,-8.3,8.3
2025-12-03 00:18:00.516,90610.6,90610.7,90596.6,90602.0,-14.0,8.7
2025-12-03 00:18:01.241,90610.6,90610.7,90602.3,90602.4,-8.3,8.3
2025-12-03 00:18:02.010,90600.4,90600.5,90594.0,90594.6,-6.4,5.9
2025-12-03 00:18:02.790,90600.4,90600.5,90588.3,90589.7,-12.1,10.8
2025-12-03 00:18:03.523,90607.4,90607.5,90596.9,90602.2,-10.5,5.3
2025-12-03 00:18:04.245,90607.4,90607.5,90596.6,90599.0,-10.8,8.5
2025-12-03 00:18:04.966,90618.8,90618.9,90600.1,90600.2,-18.7,18.7
2025-12-03 00:18:05.696,90607.3,90607.4,90610.5,90610.6,3.2,-3.2
2025-12-03 00:18:08.182,90607.3,90607.4,90590.7,90595.4,-16.6,12.0
2025-12-03 00:18:09.544,90604.8,90604.9,90605.6,90607.3,0.8,-2.4
2025-12-03 00:18:10.557,90604.8,90604.9,90590.7,90593.9,-14.1,11.0
2025-12-03 00:42:16.961,90693.6,90693.7,90697.4,90698.4,3.8,-4.7
2025-12-03 00:42:17.600,90699.6,90699.7,90685.5,90686.9,-14.1,12.8
2025-12-03 00:42:18.188,90678.1,90681.3,90685.5,90689.1,7.4,-7.8
2025-12-03 00:42:18.789,90678.1,90678.2,90681.6,90681.7,3.5,-3.5
2025-12-03 00:42:19.408,90679,90679.1,90670.3,90672.6,-8.7,6.5
2025-12-03 00:42:20.026,90679,90679.1,90670.7,90670.8,-8.3,8.3
2025-12-03 00:42:20.585,90683.6,90683.7,90686.6,90687.0,3.0,-3.3
2025-12-03 00:42:21.164,90695.3,90695.4,90685.3,90686.7,-10.0,8.7
2025-12-03 00:42:21.748,90668.3,90668.4,90682.1,90682.3,13.8,-13.9
2025-12-03 00:42:22.366,90668.3,90668.4,90651.4,90665.3,-16.9,3.1
2025-12-03 00:42:23.057,90667.6,90667.7,90664.8,90664.9,-2.8,2.8
2025-12-03 00:42:23.659,90668.3,90668.4,90653.6,90653.7,-14.7,14.7
2025-12-03 00:42:25.211,90668.3,90668.4,90659.6,90661.9,-8.7,6.5
2025-12-03 00:42:25.872,90668.3,90668.4,90670.0,90670.5,1.7,-2.1
2025-12-03 00:42:26.453,90668.3,90668.4,90668.4,90669.4,0.1,-1.0
2025-12-03 00:42:27.025,90668.3,90668.4,90666.2,90669.5,-2.1,-1.1
2025-12-03 00:42:27.624,90668.3,90668.4,90665.9,90670.5,-2.4,-2.1
2025-12-03 00:42:28.204,90668.3,90668.4,90664.3,90666.8,-4.0,1.6
2025-12-03 00:42:28.839,90667.7,90667.8,90665.3,90665.4,-2.4,2.4
2025-12-03 00:42:29.443,90656.1,90656.8,90654.1,90654.6,-2.0,2.2
2025-12-03 00:42:30.013,90642.6,90642.7,90637.3,90637.4,-5.3,5.3
2025-12-03 00:42:30.565,90642.6,90642.7,90633.0,90636.9,-9.6,5.8
2025-12-03 00:42:31.119,90642.6,90642.7,90633.1,90636.1,-9.5,6.6
2025-12-03 00:42:31.729,90642.6,90642.7,90636.7,90636.8,-5.9,5.9
2025-12-03 00:42:32.307,90642.6,90642.7,90638.7,90638.9,-3.9,3.8
2025-12-03 00:42:32.865,90650.5,90650.6,90640.3,90642.9,-10.2,7.7
2025-12-03 00:42:33.463,90646,90646.1,90645.4,90648.6,-0.6,-2.5
2025-12-03 00:42:34.024,90646,90646.1,90640.8,90640.9,-5.2,5.2
2025-12-03 00:42:34.583,90646,90646.1,90636.7,90637.2,-9.3,8.9
2025-12-03 00:42:35.147,90646,90646.1,90640.7,90643.8,-5.3,2.3
2025-12-03 00:42:35.704,90646,90646.1,90644.2,90644.3,-1.8,1.8
2025-12-03 00:42:36.299,90646,90646.1,90639.9,90646.1,-6.1,0.0
2025-12-03 00:42:36.913,90646,90646.1,90639.8,90642.5,-6.2,3.6
2025-12-03 00:42:37.557,90646,90646.1,90639.8,90642.1,-6.2,4.0
2025-12-03 00:42:38.153,90646,90646.1,90639.8,90641.2,-6.2,4.9
2025-12-03 00:42:38.830,90646.2,90646.3,90641.1,90641.9,-5.1,4.4
2025-12-03 00:42:39.481,90646.2,90646.3,90638.2,90641.1,-8.0,5.2
2025-12-03 00:42:40.112,90646.2,90646.3,90639.8,90642.7,-6.4,3.6
2025-12-03 00:42:40.678,90666.1,90666.2,90646.7,90646.8,-19.4,19.4
2025-12-03 00:42:41.293,90666.1,90666.2,90655.9,90658.4,-10.2,7.8
2025-12-03 00:42:41.906,90668.3,90668.4,90659.9,90660.0,-8.4,8.4
2025-12-03 00:42:42.466,90668.3,90668.4,90660.0,90665.5,-8.3,2.9
2025-12-03 00:42:43.054,90682.4,90682.5,90669.0,90670.5,-13.4,12.0
2025-12-03 00:42:43.630,90688.2,90688.3,90672.5,90672.6,-15.7,15.7
2025-12-03 00:42:44.227,90688.2,90688.3,90680.6,90680.8,-7.6,7.5
2025-12-03 00:42:44.844,90687.3,90687.4,90681.2,90681.3,-6.1,6.1
2025-12-03 00:42:45.466,90687.3,90687.4,90675.1,90676.3,-12.2,11.1
2025-12-03 00:42:46.042,90687.3,90687.4,90676.8,90678.9,-10.5,8.5
2025-12-03 00:42:46.680,90687.3,90687.4,90675.2,90675.3,-12.1,12.1
2025-12-03 00:42:47.293,90687.3,90687.4,90675.2,90678.5,-12.1,8.9
2025-12-03 00:42:47.882,90687.3,90687.4,90670.9,90674.5,-16.4,12.9
2025-12-03 00:42:48.453,90687.3,90687.4,90673.0,90675.8,-14.3,11.6
2025-12-03 00:42:49.127,90687.3,90687.4,90675.4,90675.8,-11.9,11.6
2025-12-03 00:42:50.753,90677.7,90677.8,90673.3,90675.8,-4.4,2.0
2025-12-03 00:42:51.293,90674.9,90675,90661.3,90661.4,-13.6,13.6
2025-12-03 00:42:51.882,90672.4,90672.5,90661.6,90666.2,-10.8,6.3
